1648220260,58069.52,0.001,58.06,1637366400094,false
1648220261,58072.7,0.023,1335.67,1637366400094,false
1648220262,58072.69,0.002,116.14,1637366400129,false
1648220263,58072.68,0.001,58.07,1637366404152,true
1648220264,58072.68,0.001,58.07,1637366404152,true
1648220265,58072.68,0.128,7433.3,1637366404152,true
1648220266,58072.68,0.219,12717.91,1637366404153,true
1648220267,58072.68,0.071,4123.16,1637366404153,true
1648220268,58072.68,0.018,1045.3,1637366404153,true
1648220269,58072.68,0.001,58.07,1637366404153,true
1648220270,58072.68,0.263,15273.11,1637366404153,true
1648220271,58072.68,0.044,2555.19,1637366404153,true
1648220272,58072.68,0.03,1742.18,1637366404153,true
1648220273,58072.68,0.011,638.79,1637366404153,true
1648220274,58072.68,0.167,9698.13,1637366404154,true
1648220275,58072.69,0.002,116.14,1637366404155,false
1648220276,58072.68,0.072,4181.23,1637366404156,true
1648220277,58072.68,0.057,3310.14,1637366404156,true
1648220278,58072.68,0.288,16724.93,1637366404158,true
1648220279,58072.68,0.155,9001.26,1637366404159,true
1648220280,58072.68,0.174,10104.64,1637366404160,true
1648220281,58072.68,0.126,7317.15,1637366404165,true
1648220282,58072.61,0.113,6562.2,1637366404165,true
1648220283,58072.42,0.11,6387.96,1637366404165,true
1648220284,58072.42,0.019,1103.37,1637366404174,true
1648220285,58072.69,0.001,58.07,1637366404178,false
1648220286,58072.69,0.006,348.43,1637366404184,false
1648220287,58072.68,0.116,6736.43,1637366404195,true
1648220288,58072.68,0.116,6736.43,1637366404195,true
1648220289,58072.69,0.004,232.29,1637366404210,false
1648220290,58072.68,0.065,3774.72,1637366404215,true
1648220291,58072.68,0.144,8362.46,1637366404215,true
1648220292,58072.68,0.001,58.07,1637366404216,true
1648220293,58072.68,0.014,813.01,1637366404218,true
1648220294,58072.69,0.002,116.14,1637366404222,false
1648220295,58072.69,0.001,58.07,1637366404223,false
1648220296,58072.69,0.01,580.72,1637366404225,false
1648220297,58072.69,0.001,58.07,1637366404226,false
1648220298,58072.69,0.001,58.07,1637366404227,false
1648220299,58072.68,0.01,580.72,1637366404229,true
1648220300,58072.69,0.006,348.43,1637366404234,false
1648220301,58072.69,0.219,12717.91,1637366404236,false
1648220302,58072.69,0.099,5749.19,1637366404236,false
1648220303,58072.68,0.122,7084.86,1637366404250,true
1648220304,58072.69,0.001,58.07,1637366404261,false
1648220305,58072.68,0.005,290.36,1637366404263,true
1648220306,58072.69,0.11,6387.99,1637366404268,false
1648220307,58072.69,0.05,2903.63,1637366404270,false
1648220308,58072.69,0.008,464.58,1637366404278,false
1648220309,58072.69,0.012,696.87,1637366404279,false
1648220310,58072.68,0.002,116.14,1637366404283,true
1648220311,58072.69,0.1,5807.26,1637366404284,false
1648220312,58072.68,0.032,1858.32,1637366404290,true
1648220313,58072.69,0.047,2729.41,1637366404290,false
1648220314,58072.68,0.05,2903.63,1637366404292,true
1648220315,58072.68,0.045,2613.27,1637366404293,true
1648220316,58072.68,0.071,4123.16,1637366404293,true
1648220317,58072.68,0.006,348.43,1637366404293,true
1648220318,58072.68,0.312,18118.67,1637366404293,true
1648220319,58072.68,0.312,18118.67,1637366404293,true
1648220320,58072.68,0.031,1800.25,1637366404294,true
1648220321,58072.68,0.174,10104.64,1637366404295,true
1648220322,58072.69,0.005,290.36,1637366404297,false
1648220323,58072.69,0.02,1161.45,1637366404301,false
1648220324,58072.68,0.012,696.87,1637366404302,true
1648220325,58072.68,0.095,5516.9,1637366404305,true
1648220326,58072.68,0.312,18118.67,1637366404305,true
1648220327,58072.68,0.102,5923.41,1637366404305,true
1648220328,58072.68,0.044,2555.19,1637366404305,true
1648220329,58072.69,0.127,7375.23,1637366404308,false
1648220330,58072.69,0.873,50697.45,1637366404308,false
1648220331,58072.68,0.006,348.43,1637366404320,true
1648220332,58072.68,0.002,116.14,1637366404321,true
1648220333,58072.68,0.002,116.14,1637366404325,true
1648220334,58072.69,0.033,1916.39,1637366404335,false
1648220335,58072.69,0.001,58.07,1637366404336,false
1648220336,58072.68,0.015,871.09,1637366404361,true
1648220337,58072.68,0.01,580.72,1637366404361,true
1648220338,58072.68,0.001,58.07,1637366404361,true
1648220339,58072.68,0.071,4123.16,1637366404361,true
1648220340,58072.68,0.001,58.07,1637366404361,true
1648220341,58072.68,0.001,58.07,1637366404361,true
1648220342,58072.68,0.002,116.14,1637366404361,true
1648220343,58072.68,0.001,58.07,1637366404361,true
1648220344,58072.68,0.001,58.07,1637366404361,true
1648220345,58072.68,0.001,58.07,1637366404361,true
1648220346,58072.68,0.002,116.14,1637366404361,true
1648220347,58072.68,0.189,10975.73,1637366404361,true
1648220348,58072.69,0.005,290.36,1637366404385,false
1648220349,58072.68,0.005,290.36,1637366404391,true
1648220350,58072.68,0.002,116.14,1637366404391,true
1648220351,58072.68,0.002,116.14,1637366404391,true
1648220352,58072.68,0.001,58.07,1637366404391,true
1648220353,58072.68,0.001,58.07,1637366404391,true
1648220354,58072.68,0.002,116.14,1637366404391,true
1648220355,58072.68,0.002,116.14,1637366404391,true
1648220356,58072.68,0.001,58.07,1637366404391,true
1648220357,58072.68,0.002,116.14,1637366404391,true
1648220358,58072.68,0.001,58.07,1637366404391,true
1648220359,58072.68,0.001,58.07,1637366404391,true
1648220360,58072.68,0.002,116.14,1637366404503,true
1648220361,58072.68,0.004,232.29,1637366404565,true
1648220362,58072.68,0.002,116.14,1637366404565,true
1648220363,58072.68,0.002,116.14,1637366404565,true
1648220364,58072.68,0.114,6620.28,1637366404565,true
1648220365,58072.69,0.001,58.07,1637366404597,false
1648220366,58072.69,0.045,2613.27,1637366404698,false
1648220367,58072.69,0.068,3948.94,1637366404759,false
1648220368,58072.69,0.086,4994.25,1637366404761,false
1648220369,58072.69,0.046,2671.34,1637366404766,false
1648220370,58072.69,0.013,754.94,1637366404771,false
1648220371,58072.69,0.107,6213.77,1637366404771,false
1648220372,58072.69,0.086,4994.25,1637366404772,false
1648220373,58072.69,0.086,4994.25,1637366404809,false
1648220374,58072.69,0.12,6968.72,1637366404809,false
1648220375,58072.69,0.086,4994.25,1637366404813,false
1648220376,58072.69,0.12,6968.72,1637366404839,false
1648220377,58072.69,0.086,4994.25,1637366404839,false
1648220378,58072.68,0.017,987.23,1637366404864,true
1648220379,58072.69,0.086,4994.25,1637366404873,false
1648220380,58072.69,0.12,6968.72,1637366404890,false
1648220381,58072.69,0.086,4994.25,1637366404987,false
1648220382,58072.69,0.018,1045.3,1637366405026,false
1648220383,58072.69,0.028,1626.03,1637366405076,false
1648220384,58072.69,0.058,3368.21,1637366405076,false
1648220385,58072.69,0.001,58.07,1637366405141,false
1648220386,58072.69,0.001,58.07,1637366405142,false
1648220387,58072.69,0.001,58.07,1637366405148,false
1648220388,58072.69,0.001,58.07,1637366405192,false
1648220389,58072.69,0.001,58.07,1637366405226,false
1648220390,58072.68,0.01,580.72,1637366405505,true
1648220391,58072.68,0.008,464.58,1637366405531,true
1648220392,58072.68,0.2,11614.53,1637366405564,true
1648220393,58072.68,0.015,871.09,1637366405659,true
1648220394,58072.68,0.035,2032.54,1637366405776,true
1648220395,58072.69,0.017,987.23,1637366405812,false
1648220396,58072.69,0.032,1858.32,1637366406083,false
1648220397,58072.69,0.006,348.43,1637366406083,false
1648220398,58072.69,0.017,987.23,1637366406083,false
1648220399,58072.69,0.025,1451.81,1637366406118,false
1648220400,58072.69,0.001,58.07,1637366406211,false
1648220401,58072.69,0.001,58.07,1637366406211,false
1648220402,58072.69,0.312,18118.67,1637366406211,false
1648220403,58072.69,0.186,10801.52,1637366406211,false
1648220404,58072.68,0.177,10278.86,1637366406309,true
1648220405,58072.68,0.011,638.79,1637366406603,true
1648220406,58072.69,0.001,58.07,1637366406819,false
1648220407,58072.69,0.001,58.07,1637366406836,false
1648220408,58072.69,0.003,174.21,1637366406843,false
1648220409,58072.68,0.149,8652.82,1637366406894,true
1648220410,58072.69,0.012,696.87,1637366407053,false
1648220411,58072.69,0.063,3658.57,1637366407274,false
1648220412,58072.68,0.031,1800.25,1637366407402,true
1648220413,58072.68,0.001,58.07,1637366407402,true
1648220414,58072.68,0.002,116.14,1637366407402,true
1648220415,58072.68,0.002,116.14,1637366407402,true
1648220416,58072.68,0.04,2322.9,1637366407402,true
1648220417,58072.68,0.001,58.07,1637366407402,true
1648220418,58072.68,0.001,58.07,1637366407402,true
1648220419,58072.68,0.004,232.29,1637366407402,true
1648220420,58072.68,0.002,116.14,1637366407402,true
1648220421,58072.68,0.001,58.07,1637366407402,true
1648220422,58072.68,0.001,58.07,1637366407402,true
1648220423,58072.68,0.005,290.36,1637366407402,true
1648220424,58072.68,0.014,813.01,1637366407981,true
1648220425,58072.68,0.069,4007.01,1637366407981,true
1648220426,58072.68,0.001,58.07,1637366407981,true
1648220427,58072.68,0.002,116.14,1637366407981,true
1648220428,58072.68,0.072,4181.23,1637366407981,true
1648220429,58072.68,0.001,58.07,1637366407981,true
1648220430,58072.68,0.001,58.07,1637366407981,true
1648220431,58072.68,0.004,232.29,1637366407981,true
1648220432,58072.68,0.002,116.14,1637366407981,true
1648220433,58072.68,0.001,58.07,1637366407981,true
1648220434,58072.68,0.001,58.07,1637366407981,true
1648220435,58072.68,0.001,58.07,1637366407981,true
1648220436,58072.68,0.002,116.14,1637366407981,true
1648220437,58072.68,0.004,232.29,1637366407981,true
1648220438,58072.68,0.001,58.07,1637366407981,true
1648220439,58072.68,0.002,116.14,1637366407981,true
1648220440,58072.68,0.001,58.07,1637366407981,true
1648220441,58072.68,0.25,14518.17,1637366407981,true
1648220442,58072.68,0.001,58.07,1637366407981,true
1648220443,58072.68,0.002,116.14,1637366407981,true
1648220444,58072.68,0.002,116.14,1637366407981,true
1648220445,58072.62,0.001,58.07,1637366407981,true
1648220446,58071.34,0.015,871.07,1637366407981,true
1648220447,58069.52,0.564,32751.2,1637366407981,true
1648220448,58069.51,0.001,58.06,1637366407981,true
1648220449,58069.51,0.001,58.06,1637366407981,true
1648220450,58069.51,0.002,116.13,1637366407981,true
1648220451,58069.51,0.002,116.13,1637366407981,true
1648220452,58069.51,0.001,58.06,1637366407981,true
1648220453,58069.51,0.004,232.27,1637366407981,true
1648220454,58069.51,0.002,116.13,1637366407981,true
1648220455,58069.51,0.001,58.06,1637366407981,true
1648220456,58069.51,0.002,116.13,1637366407981,true
1648220457,58069.51,0.001,58.06,1637366407981,true
1648220458,58069.51,0.001,58.06,1637366407981,true
1648220459,58069.5,0.002,116.13,1637366407981,true
1648220460,58069.5,0.001,58.06,1637366407981,true
1648220461,58069.5,0.001,58.06,1637366407981,true
1648220462,58069.5,0.034,1974.36,1637366407981,true
1648220463,58072.69,0.009,522.65,1637366408035,false
1648220464,58072.68,0.012,696.87,1637366408112,true
1648220465,58072.68,0.01,580.72,1637366408145,true
1648220466,58072.68,0.05,2903.63,1637366408223,true
1648220467,58072.68,0.003,174.21,1637366408422,true
1648220468,58069.5,0.029,1684.01,1637366408422,true
1648220469,58072.69,0.001,58.07,1637366408441,false
1648220470,58072.69,0.042,2439.05,1637366408629,false
1648220471,58072.69,0.072,4181.23,1637366408770,false
1648220472,58072.69,0.001,58.07,1637366408770,false
1648220473,58072.69,0.017,987.23,1637366408770,false
1648220474,58069.5,0.073,4239.07,1637366408804,true
1648220475,58069.5,0.11,6387.64,1637366408891,true
1648220476,58069.5,0.004,232.27,1637366408973,true
1648220477,58069.5,0.002,116.13,1637366409111,true
1648220478,58072.69,0.069,4007.01,1637366409258,false
1648220479,58072.69,0.002,116.14,1637366409258,false
1648220480,58072.69,0.002,116.14,1637366409258,false
1648220481,58072.69,0.001,58.07,1637366409258,false
1648220482,58072.69,0.112,6504.14,1637366409258,false
1648220483,58072.69,0.095,5516.9,1637366409258,false
1648220484,58072.69,0.03,1742.18,1637366409258,false
1648220485,58072.69,0.02,1161.45,1637366409258,false
1648220486,58072.68,0.001,58.07,1637366409388,true
1648220487,58072.68,0.001,58.07,1637366409388,true
1648220488,58072.69,0.001,58.07,1637366410131,false
1648220489,58072.69,0.006,348.43,1637366410569,false
1648220490,58072.69,0.006,348.43,1637366410575,false
1648220491,58072.69,0.021,1219.52,1637366410575,false
1648220492,58072.68,0.001,58.07,1637366410738,true
1648220493,58072.68,0.002,116.14,1637366410738,true
1648220494,58072.69,0.018,1045.3,1637366410878,false
1648220495,58072.68,0.003,174.21,1637366411000,true
1648220496,58072.68,0.001,58.07,1637366411000,true
1648220497,58072.68,0.001,58.07,1637366411000,true
1648220498,58072.68,0.002,116.14,1637366411000,true
1648220499,58072.68,0.001,58.07,1637366411000,true
1648220500,58072.68,0.028,1626.03,1637366411000,true
1648220501,58072.68,0.587,34088.66,1637366411000,true
1648220502,58072.68,0.072,4181.23,1637366411000,true
1648220503,58069.5,0.208,12078.45,1637366411000,true
1648220504,58069.5,0.015,871.04,1637366411024,true
1648220505,58069.5,0.032,1858.22,1637366411085,true
1648220506,58072.69,0.005,290.36,1637366411148,false
1648220507,58072.69,0.001,58.07,1637366411148,false
1648220508,58072.69,0.029,1684.1,1637366411148,false
1648220509,58072.69,0.003,174.21,1637366411148,false
1648220510,58072.69,0.028,1626.03,1637366411148,false
1648220511,58072.69,0.009,522.65,1637366411148,false
1648220512,58072.69,0.087,5052.32,1637366411148,false
1648220513,58074.9,0.004,232.29,1637366411423,false
1648220514,58073,0.03,1742.19,1637366411579,true
1648220515,58074.9,0.004,232.29,1637366411885,false
1648220516,58075.6,0.001,58.07,1637366411885,false
1648220517,58075.69,0.006,348.45,1637366411885,false
1648220518,58073,0.008,464.58,1637366411939,true
1648220519,58075.69,0.002,116.15,1637366412120,false
1648220520,58073,0.065,3774.74,1637366412298,true
1648220521,58073,0.172,9988.55,1637366412302,true
1648220522,58075.69,0.001,58.07,1637366412372,false
1648220523,58075.69,0.086,4994.5,1637366412386,false
1648220524,58075.69,0.046,2671.48,1637366412401,false
1648220525,58075.69,1.308,75963,1637366412564,false
1648220526,58075.69,0.487,28282.86,1637366412564,false
1648220527,58073,0.002,116.14,1637366412671,true
1648220528,58073,0.048,2787.5,1637366412862,true
1648220529,58075.69,0.334,19397.28,1637366412988,false
1648220530,58073,0.009,522.65,1637366413221,true
1648220531,58073,0.02,1161.46,1637366413241,true
1648220532,58073,0.155,9001.31,1637366413248,true
1648220533,58073,0.049,2845.57,1637366413249,true
1648220534,58073,0.172,9988.55,1637366413324,true
1648220535,58075.69,0.086,4994.5,1637366413526,false
1648220536,58073,0.019,1103.38,1637366413702,true
1648220537,58074.29,0.004,232.29,1637366413782,false
1648220538,58074.29,0.056,3252.16,1637366413826,false
1648220539,58075.69,0.012,696.9,1637366413826,false
1648220540,58073,0.279,16202.36,1637366414141,true
1648220541,58075.69,0.006,348.45,1637366414343,false
1648220542,58075.69,0.014,813.05,1637366414475,false
1648220543,58073,0.007,406.51,1637366414636,true
1648220544,58073,0.029,1684.11,1637366414685,true
1648220545,58075.69,0.018,1045.36,1637366414753,false
1648220546,58073,0.012,696.87,1637366414982,true
1648220547,58073,0.215,12485.69,1637366415093,true
1648220548,58073,0.018,1045.31,1637366415246,true
1648220549,58073,0.002,116.14,1637366415342,true
1648220550,58075.69,0.026,1509.96,1637366415632,false
1648220551,58075.69,0.39,22649.51,1637366415777,false
1648220552,58075.69,1.363,79157.16,1637366415777,false
1648220553,58076.71,0.173,10047.27,1637366415777,false
1648220554,58078,0.1,5807.8,1637366416180,false
1648220555,58077.12,0.002,116.15,1637366416375,true
1648220556,58077.33,0.003,174.23,1637366416652,false
1648220557,58077.12,0.076,4413.86,1637366416716,true
1648220558,58077.33,0.004,232.3,1637366416788,false
1648220559,58077.33,0.031,1800.39,1637366416788,false
1648220560,58077.12,0.287,16668.13,1637366416846,true
1648220561,58073.03,0.019,1103.38,1637366416847,true
1648220562,58073.03,0.015,871.09,1637366416867,true
1648220563,58073,0.147,8536.73,1637366416867,true
1648220564,58073,0.032,1858.33,1637366417027,true
1648220565,58073.4,0.015,871.1,1637366417068,false
1648220566,58073.68,0.297,17247.88,1637366417122,true
1648220567,58073,0.182,10569.28,1637366417122,true
1648220568,58073,0.035,2032.55,1637366417190,true
1648220569,58073,0.01,580.73,1637366417289,true
1648220570,58073,0.651,37805.52,1637366417299,true
1648220571,58073,0.005,290.36,1637366417387,true
1648220572,58073.77,0.003,174.22,1637366417475,false
1648220573,58073.01,0.003,174.21,1637366417666,true
1648220574,58073.01,0.002,116.14,1637366417666,true
1648220575,58073.01,0.007,406.51,1637366417666,true
1648220576,58073.77,0.004,232.29,1637366417739,false
1648220577,58073.15,0.003,174.21,1637366418077,true
1648220578,58073.16,0.02,1161.46,1637366418142,true
1648220579,58073.2,0.001,58.07,1637366418162,false
1648220580,58073.2,0.001,58.07,1637366418209,false
1648220581,58073.2,0.001,58.07,1637366418209,false
1648220582,58073.2,0.002,116.14,1637366418209,false
1648220583,58073.19,0.652,37863.71,1637366418235,true
1648220584,58073.16,0.004,232.29,1637366418235,true
1648220585,58073.15,0.017,987.24,1637366418235,true
1648220586,58073.01,0.012,696.87,1637366418235,true
1648220587,58073,0.02,1161.46,1637366418235,true
1648220588,58073.16,0.135,7839.87,1637366418263,false
1648220589,58073.16,0.071,4123.19,1637366418263,false
1648220590,58073.16,0.113,6562.26,1637366418263,false
1648220591,58073.16,0.062,3600.53,1637366418263,false
1648220592,58073.16,0.017,987.24,1637366418375,false
1648220593,58073.15,0.001,58.07,1637366418636,true
1648220594,58073.15,0.003,174.21,1637366418636,true
1648220595,58073.15,0.005,290.36,1637366418706,true
1648220596,58073.15,0.001,58.07,1637366418706,true
1648220597,58073.15,0.001,58.07,1637366418706,true
1648220598,58073.15,0.006,348.43,1637366418706,true
1648220599,58073.15,0.006,348.43,1637366418706,true
1648220600,58073.15,0.006,348.43,1637366418706,true
1648220601,58073.15,0.002,116.14,1637366418706,true
1648220602,58073.15,0.003,174.21,1637366418706,true
1648220603,58073.15,0.001,58.07,1637366418706,true
1648220604,58073.15,0.003,174.21,1637366418706,true
1648220605,58073.15,0.001,58.07,1637366418706,true
1648220606,58073.15,0.002,116.14,1637366418706,true
1648220607,58073.15,0.001,58.07,1637366418706,true
1648220608,58073.15,0.002,116.14,1637366418706,true
1648220609,58073.01,0.006,348.43,1637366418707,true
1648220610,58073,0.273,15853.92,1637366418707,true
1648220611,58073.01,0.001,58.07,1637366418750,false
1648220612,58073,0.049,2845.57,1637366418981,true
1648220613,58073,0.002,116.14,1637366418981,true
1648220614,58073,0.001,58.07,1637366418981,true
1648220615,58073,0.006,348.43,1637366418981,true
1648220616,58073,0.029,1684.11,1637366418981,true
1648220617,58073,0.014,813.02,1637366418981,true
1648220618,58073,0.007,406.51,1637366418981,true
1648220619,58073,0.004,232.29,1637366418981,true
1648220620,58073,0.002,116.14,1637366418981,true
1648220621,58073,0.001,58.07,1637366418981,true
1648220622,58072.69,0.008,464.58,1637366418981,true
1648220623,58072.69,0.034,1974.47,1637366418981,true
1648220624,58072.68,0.001,58.07,1637366418981,true
1648220625,58072.68,0.002,116.14,1637366418981,true
1648220626,58072.68,0.002,116.14,1637366418981,true
1648220627,58072.68,0.001,58.07,1637366418981,true
1648220628,58072.68,0.004,232.29,1637366418981,true
1648220629,58072.68,0.002,116.14,1637366418981,true
1648220630,58072.68,0.001,58.07,1637366418981,true
1648220631,58072.68,0.001,58.07,1637366418981,true
1648220632,58072.68,0.002,116.14,1637366418981,true
1648220633,58072.68,0.002,116.14,1637366418981,true
1648220634,58072.68,0.002,116.14,1637366418981,true
1648220635,58072.68,0.001,58.07,1637366418981,true
1648220636,58072.68,0.002,116.14,1637366418981,true
1648220637,58072.68,0.001,58.07,1637366418981,true
1648220638,58072.68,0.002,116.14,1637366418981,true
1648220639,58072.68,0.001,58.07,1637366418981,true
1648220640,58072.68,0.001,58.07,1637366418981,true
1648220641,58072.68,0.002,116.14,1637366418981,true
1648220642,58072.68,0.001,58.07,1637366418981,true
1648220643,58072.68,0.002,116.14,1637366418981,true
1648220644,58072.68,0.001,58.07,1637366418981,true
1648220645,58072.68,0.002,116.14,1637366418981,true
1648220646,58072.68,0.001,58.07,1637366418981,true
1648220647,58072.68,0.001,58.07,1637366418981,true
1648220648,58072.68,0.001,58.07,1637366418981,true
1648220649,58072.68,0.001,58.07,1637366418981,true
1648220650,58072.68,0.001,58.07,1637366418981,true
1648220651,58072.68,0.003,174.21,1637366418981,true
1648220652,58072.68,0.001,58.07,1637366418981,true
1648220653,58072.68,0.001,58.07,1637366419096,true
1648220654,58072.68,0.004,232.29,1637366419096,true
1648220655,58072.68,0.014,813.01,1637366419096,true
1648220656,58072.69,0.03,1742.18,1637366419140,false
1648220657,58072.69,0.053,3077.85,1637366419140,false
1648220658,58072.69,0.009,522.65,1637366419338,false
1648220659,58072.69,0.006,348.43,1637366419663,false
1648220660,58072.68,0.048,2787.48,1637366419776,true
1648220661,58072.69,0.043,2497.12,1637366419843,false
1648220662,58072.68,0.043,2497.12,1637366419914,true
1648220663,58072.69,0.041,2380.98,1637366420214,false
1648220664,58072.68,0.01,580.72,1637366420325,true
1648220665,58072.68,0.021,1219.52,1637366420394,true
1648220666,58072.68,0.002,116.14,1637366420533,true
1648220667,58072.69,0.018,1045.3,1637366420573,false
1648220668,58072.68,0.012,696.87,1637366420582,true
1648220669,58072.69,0.005,290.36,1637366420605,false
1648220670,58072.69,0.02,1161.45,1637366420793,false
1648220671,58072.69,0.002,116.14,1637366420909,false
1648220672,58072.69,0.001,58.07,1637366420917,false
1648220673,58072.69,0.403,23403.29,1637366421549,false
1648220674,58072.69,0.03,1742.18,1637366421549,false
1648220675,58072.69,0.03,1742.18,1637366421549,false
1648220676,58072.69,0.03,1742.18,1637366421549,false
1648220677,58072.69,0.03,1742.18,1637366421549,false
1648220678,58072.69,0.03,1742.18,1637366421549,false
1648220679,58072.69,0.03,1742.18,1637366421549,false
1648220680,58072.69,0.043,2497.12,1637366421549,false
1648220681,58072.69,0.03,1742.18,1637366421549,false
1648220682,58072.69,0.03,1742.18,1637366421549,false
1648220683,58072.69,0.03,1742.18,1637366421549,false
1648220684,58072.69,0.03,1742.18,1637366421549,false
1648220685,58072.69,0.002,116.14,1637366421549,false
1648220686,58072.69,0.04,2322.9,1637366421549,false
1648220687,58072.69,0.001,58.07,1637366421549,false
1648220688,58072.69,0.016,929.16,1637366421549,false
1648220689,58072.69,0.002,116.14,1637366421549,false
1648220690,58072.69,0.071,4123.16,1637366421549,false
1648220691,58072.69,0.084,4878.1,1637366421549,false
1648220692,58072.69,0.001,58.07,1637366421549,false
1648220693,58072.69,0.001,58.07,1637366421549,false
1648220694,58072.69,0.013,754.94,1637366421549,false
1648220695,58072.69,0.002,116.14,1637366421549,false
1648220696,58074.42,0.001,58.07,1637366421580,true
1648220697,58074.42,0.003,174.22,1637366421585,true
1648220698,58074.1,0.054,3136,1637366421585,true
1648220699,58074.42,0.001,58.07,1637366421598,false
1648220700,58074.11,0.006,348.44,1637366421599,false
1648220701,58074.11,0.001,58.07,1637366421600,false
1648220702,58074.11,0.003,174.22,1637366421901,false
1648220703,58074.11,0.006,348.44,1637366421914,false
1648220704,58074.11,0.003,174.22,1637366421958,false
1648220705,58074.11,0.001,58.07,1637366422097,false
1648220706,58074.11,0.006,348.44,1637366422311,false
1648220707,58074.11,0.039,2264.89,1637366422502,false
1648220708,58074.11,0.004,232.29,1637366422502,false
1648220709,58074.11,0.045,2613.33,1637366422722,false
1648220710,58074.11,0.071,4123.26,1637366422722,false
1648220711,58074.11,0.033,1916.44,1637366422722,false
1648220712,58074.11,0.11,6388.15,1637366422722,false
1648220713,58074.1,0.05,2903.7,1637366422745,true
1648220714,58074.11,0.02,1161.48,1637366422902,false
1648220715,58074.11,0.039,2264.89,1637366423024,false
1648220716,58074.11,0.003,174.22,1637366423051,false
1648220717,58074.11,0.001,58.07,1637366423242,false
1648220718,58074.11,0.025,1451.85,1637366423685,false
1648220719,58074.11,0.311,18061.04,1637366423714,false
1648220720,58074.11,0.002,116.14,1637366423957,false
1648220721,58074.11,0.088,5110.52,1637366423959,false
1648220722,58074.11,0.001,58.07,1637366424066,false
1648220723,58074.11,0.008,464.59,1637366424196,false
1648220724,58074.11,0.026,1509.92,1637366424203,false
1648220725,58074.11,0.202,11730.97,1637366424450,false
1648220726,58074.1,0.001,58.07,1637366424848,true
1648220727,58074.11,0.005,290.37,1637366425042,false
1648220728,58074.11,0.001,58.07,1637366425073,false
1648220729,58074.1,0.052,3019.85,1637366425103,true
1648220730,58074.1,0.085,4936.29,1637366425103,true
1648220731,58074.1,0.011,638.81,1637366425103,true
1648220732,58074.1,0.005,290.37,1637366425103,true
1648220733,58074.1,0.001,58.07,1637366425103,true
1648220734,58074.1,0.273,15854.22,1637366425103,true
1648220735,58074.1,0.01,580.74,1637366425258,true
1648220736,58074.11,0.065,3774.81,1637366425388,false
1648220737,58074.11,0.047,2729.48,1637366425388,false
1648220738,58074.11,0.043,2497.18,1637366425388,false
1648220739,58074.11,0.172,9988.74,1637366425388,false
1648220740,58074.11,0.002,116.14,1637366425388,false
1648220741,58074.11,0.018,1045.33,1637366425388,false
1648220742,58075.66,0.01,580.75,1637366425388,false
1648220743,58077.92,0.354,20559.58,1637366425388,false
1648220744,58077.92,0.146,8479.37,1637366425388,false
1648220745,58077.93,0.003,174.23,1637366425388,false
1648220746,58074.1,0.117,6794.66,1637366425453,true
1648220747,58074.1,0.002,116.14,1637366425453,true
1648220748,58074.1,0.002,116.14,1637366425453,true
1648220749,58074.1,0.001,58.07,1637366425453,true
1648220750,58074.1,0.002,116.14,1637366425453,true
1648220751,58074.1,0.004,232.29,1637366425453,true
1648220752,58074.1,0.002,116.14,1637366425453,true
1648220753,58074.1,0.002,116.14,1637366425453,true
1648220754,58074.1,0.002,116.14,1637366425453,true
1648220755,58074.1,0.002,116.14,1637366425453,true
1648220756,58074.1,0.001,58.07,1637366425453,true
1648220757,58074.1,0.001,58.07,1637366425453,true
1648220758,58074.1,0.01,580.74,1637366425453,true
1648220759,58074.1,0.005,290.37,1637366425453,true
1648220760,58074.1,0.034,1974.51,1637366425453,true
1648220761,58074.1,0.001,58.07,1637366425453,true
1648220762,58074.1,0.001,58.07,1637366425453,true
1648220763,58074.1,0.002,116.14,1637366425453,true
1648220764,58074.1,0.004,232.29,1637366425453,true
1648220765,58074.1,0.001,58.07,1637366425453,true
1648220766,58074.1,0.001,58.07,1637366425453,true
1648220767,58074.1,0.006,348.44,1637366425453,true
1648220768,58074.1,0.026,1509.92,1637366425453,true
1648220769,58074.1,0.001,58.07,1637366425453,true
1648220770,58074.1,0.002,116.14,1637366425453,true
1648220771,58074.1,0.047,2729.48,1637366425453,true
1648220772,58074.1,0.018,1045.33,1637366425453,true
1648220773,58074.1,0.297,17248,1637366425453,true
1648220774,58074.1,0.05,2903.7,1637366425548,true
1648220775,58074.1,0.1,5807.41,1637366425786,true
1648220776,58074.1,0.006,348.44,1637366425940,true
1648220777,58074.11,0.004,232.29,1637366425972,false
1648220778,58074.11,0.01,580.74,1637366426083,false
1648220779,58074.11,0.004,232.29,1637366426083,false
1648220780,58074.11,0.094,5458.96,1637366426440,false
1648220781,58077.03,0.004,232.3,1637366426440,false
1648220782,58077.04,0.039,2265,1637366426440,false
1648220783,58077.11,0.063,3658.85,1637366426440,false
1648220784,58077.23,0.055,3194.24,1637366426799,false
1648220785,58078.49,0.026,1510.04,1637366427070,true
1648220786,58078.49,0.001,58.07,1637366427116,true
1648220787,58078.49,0.03,1742.35,1637366427201,true
1648220788,58078.49,0.015,871.17,1637366427434,true
1648220789,58078.49,0.023,1335.8,1637366427444,true
1648220790,58078.49,0.259,15042.32,1637366427837,true
1648220791,58078.5,0.001,58.07,1637366428034,false
1648220792,58078.5,0.003,174.23,1637366428034,false
1648220793,58078.5,0.002,116.15,1637366428200,false
1648220794,58078.49,0.02,1161.56,1637366428295,true
1648220795,58078.5,0.002,116.15,1637366428323,false
1648220796,58078.5,0.067,3891.25,1637366428323,false
1648220797,58078.49,0.043,2497.37,1637366428389,true
1648220798,58078.5,0.002,116.15,1637366428515,false
1648220799,58078.5,0.001,58.07,1637366428519,false
1648220800,58078.5,0.001,58.07,1637366428529,false
1648220801,58078.5,0.002,116.15,1637366428611,false
1648220802,58078.49,0.2,11615.69,1637366428706,true
1648220803,58078.5,0.035,2032.74,1637366428722,false
1648220804,58078.5,0.002,116.15,1637366428897,false
1648220805,58078.5,0.002,116.15,1637366428916,false
1648220806,58078.5,0.097,5633.61,1637366428928,false
1648220807,58078.49,0.201,11673.77,1637366428994,true
1648220808,58078.49,0.014,813.09,1637366428995,true
1648220809,58078.49,0.017,987.33,1637366429237,true
1648220810,58078.49,0.049,2845.84,1637366429628,true
1648220811,58078.49,0.003,174.23,1637366429628,true
1648220812,58078.49,0.001,58.07,1637366429628,true
1648220813,58078.49,0.001,58.07,1637366429628,true
1648220814,58078.49,0.48,27877.67,1637366429628,true
1648220815,58078.49,0.466,27064.57,1637366429628,true
1648220816,58078.49,0.07,4065.49,1637366429630,true
1648220817,58078.49,0.004,232.31,1637366429657,true
1648220818,58078.49,0.003,174.23,1637366429665,true
1648220819,58078.5,0.001,58.07,1637366430014,false
1648220820,58078.5,0.004,232.31,1637366430032,false
1648220821,58078.5,0.019,1103.49,1637366430167,false
1648220822,58078.49,0.052,3020.08,1637366430227,true
1648220823,58078.5,0.02,1161.57,1637366430360,false
1648220824,58078.5,0.002,116.15,1637366430389,false
1648220825,58078.5,0.002,116.15,1637366430419,false
1648220826,58078.5,0.001,58.07,1637366430436,false
1648220827,58078.5,0.002,116.15,1637366430532,false
1648220828,58078.49,0.006,348.47,1637366430606,true
1648220829,58078.5,0.001,58.07,1637366430612,false
1648220830,58078.5,0.002,116.15,1637366430936,false
1648220831,58078.5,0.001,58.07,1637366431061,false
1648220832,58078.49,0.001,58.07,1637366431063,true
1648220833,58078.5,0.482,27993.83,1637366431147,false
1648220834,58078.5,0.043,2497.37,1637366431147,false
1648220835,58078.5,0.069,4007.41,1637366431147,false
1648220836,58078.5,0.002,116.15,1637366431154,false
1648220837,58078.5,0.001,58.07,1637366431253,false
1648220838,58078.5,0.001,58.07,1637366431254,false
1648220839,58078.5,0.006,348.47,1637366431499,false
1648220840,58078.5,0.001,58.07,1637366431624,false
1648220841,58078.5,0.001,58.07,1637366431674,false
1648220842,58078.5,0.001,58.07,1637366432187,false
1648220843,58078.5,0.008,464.62,1637366432398,false
1648220844,58078.5,0.002,116.15,1637366432515,false
1648220845,58078.5,0.001,58.07,1637366432522,false
1648220846,58078.5,0.001,58.07,1637366432531,false
1648220847,58078.5,0.004,232.31,1637366432533,false
1648220848,58078.49,0.014,813.09,1637366432550,true
1648220849,58078.5,0.001,58.07,1637366432610,false
1648220850,58078.49,0.003,174.23,1637366432839,true
1648220851,58078.5,0.002,116.15,1637366432937,false
1648220852,58078.49,0.242,14054.99,1637366432950,true
1648220853,58078.49,0.002,116.15,1637366432950,true
1648220854,58078.49,0.001,58.07,1637366432950,true
1648220855,58078.49,0.002,116.15,1637366432950,true
1648220856,58078.49,0.002,116.15,1637366432950,true
1648220857,58078.49,0.004,232.31,1637366432950,true
1648220858,58078.49,0.002,116.15,1637366432950,true
1648220859,58078.49,0.001,58.07,1637366432950,true
1648220860,58078.49,0.001,58.07,1637366432950,true
1648220861,58078.49,0.002,116.15,1637366432950,true
1648220862,58078.49,0.011,638.86,1637366432950,true
1648220863,58078.49,0.002,116.15,1637366432950,true
1648220864,58078.49,0.002,116.15,1637366432950,true
1648220865,58078.49,0.001,58.07,1637366432950,true
1648220866,58078.49,0.001,58.07,1637366432950,true
1648220867,58078.49,0.005,290.39,1637366432950,true
1648220868,58078.49,0.002,116.15,1637366432950,true
1648220869,58078.49,0.003,174.23,1637366432950,true
1648220870,58078.49,0.001,58.07,1637366432950,true
1648220871,58078.49,0.001,58.07,1637366432950,true
1648220872,58078.49,0.017,987.33,1637366432950,true
1648220873,58078.49,0.147,8537.53,1637366432950,true
1648220874,58078.49,0.002,116.15,1637366432950,true
1648220875,58078.49,0.001,58.07,1637366432950,true
1648220876,58078.49,0.142,8247.14,1637366432950,true
1648220877,58078.5,0.001,58.07,1637366433061,false
1648220878,58078.5,0.002,116.15,1637366433154,false
1648220879,58078.5,0.001,58.07,1637366433253,false
1648220880,58078.49,0.003,174.23,1637366433418,true
1648220881,58078.49,0.043,2497.37,1637366433556,true
1648220882,58078.49,0.034,1974.66,1637366433869,true
1648220883,58078.5,0.005,290.39,1637366433933,false
1648220884,58078.5,0.003,174.23,1637366433933,false
1648220885,58078.5,0.001,58.07,1637366434014,false
1648220886,58078.5,0.001,58.07,1637366434020,false
1648220887,58078.5,0.005,290.39,1637366434033,false
1648220888,58078.5,0.001,58.07,1637366434033,false
1648220889,58078.49,0.046,2671.61,1637366434479,true
1648220890,58078.5,0.007,406.54,1637366434611,false
1648220891,58078.49,0.025,1451.96,1637366434639,true
1648220892,58078.5,0.025,1451.96,1637366434723,false
1648220893,58078.5,0.005,290.39,1637366434828,false
1648220894,58078.5,0.005,290.39,1637366434828,false
1648220895,58078.5,0.06,3484.71,1637366434898,false
1648220896,58078.5,0.19,11034.91,1637366434898,false
1648220897,58078.5,0.273,15855.43,1637366434912,false
1648220898,58078.5,0.001,58.07,1637366435521,false
1648220899,58078.5,0.009,522.7,1637366435521,false
1648220900,58078.5,0.001,58.07,1637366435521,false
1648220901,58078.5,0.004,232.31,1637366435522,false
1648220902,58078.5,0.001,58.07,1637366435522,false
1648220903,58078.5,0.001,58.07,1637366435522,false
1648220904,58079.22,0.035,2032.77,1637366435535,false
1648220905,58079.35,0.172,9989.64,1637366435535,false
1648220906,58079.5,0.002,116.15,1637366435536,false
1648220907,58081.4,0.001,58.08,1637366435564,false
1648220908,58081.61,0.225,13068.36,1637366435564,false
1648220909,58081.62,0.173,10048.12,1637366435565,false
1648220910,58082.5,0.002,116.16,1637366435565,false
1648220911,58082.86,0.001,58.08,1637366435565,false
1648220912,58083,0.357,20735.63,1637366435565,false
1648220913,58083,0.004,232.33,1637366435580,false
1648220914,58083.2,0.467,27124.85,1637366435580,false
1648220915,58083.2,0.032,1858.66,1637366435582,false
1648220916,58083.86,0.007,406.58,1637366435588,false
1648220917,58084.06,0.008,464.67,1637366435588,false
1648220918,58085.03,0.001,58.08,1637366435612,false
1648220919,58085.94,0.001,58.08,1637366435612,false
1648220920,58086.99,0.086,4995.48,1637366435617,false
1648220921,58087.4,0.014,813.22,1637366435617,false
1648220922,58087.48,0.001,58.08,1637366435617,false
1648220923,58087.72,0.002,116.17,1637366435617,false
1648220924,58087.72,0.058,3369.08,1637366435617,false
1648220925,58087.73,0.172,9991.08,1637366435617,false
1648220926,58087.73,0.001,58.08,1637366435617,false
1648220927,58088,0.01,580.88,1637366435617,false
1648220928,58088.17,0.415,24106.59,1637366435617,false
1648220929,58088.2,0.215,12488.96,1637366435617,false
1648220930,58088.2,0.553,32122.77,1637366435618,false
1648220931,58088.28,0.001,58.08,1637366435621,false
1648220932,58089.7,0.009,522.8,1637366435621,false
1648220933,58090,0.001,58.09,1637366435671,false
1648220934,58090,0.004,232.36,1637366435672,false
1648220935,58090,0.004,232.36,1637366435672,false
1648220936,58090.51,0.004,232.36,1637366435672,false
1648220937,58090.78,0.018,1045.63,1637366435672,false
1648220938,58091.52,0.001,58.09,1637366435686,false
1648220939,58091.52,0.001,58.09,1637366435686,false
1648220940,58091.52,0.001,58.09,1637366435686,false
1648220941,58092.01,0.001,58.09,1637366435686,false
1648220942,58092.01,0.001,58.09,1637366435686,false
1648220943,58092.68,0.001,58.09,1637366435686,false
1648220944,58092.99,0.035,2033.25,1637366435686,false
1648220945,58093,0.005,290.46,1637366435686,false
1648220946,58093,0.005,290.46,1637366435693,false
1648220947,58093.46,0.001,58.09,1637366435693,false
1648220948,58093.46,0.001,58.09,1637366435693,false
1648220949,58093.61,0.168,9759.72,1637366435693,false
1648220950,58093.61,0.038,2207.55,1637366435695,false
1648220951,58093.61,0.172,9992.1,1637366435696,false
1648220952,58093.61,0.069,4008.45,1637366435700,false
1648220953,58093.61,0.019,1103.77,1637366435701,false
1648220954,58093.61,0.068,3950.36,1637366435709,false
1648220955,58092,0.043,2497.95,1637366435749,true
1648220956,58095.99,0.221,12839.21,1637366435756,false
1648220957,58095.99,0.003,174.28,1637366435756,false
1648220958,58096.64,0.001,58.09,1637366435756,false
1648220959,58096.83,0.015,871.45,1637366435756,false
1648220960,58095.98,0.09,5228.63,1637366435833,true
1648220961,58095.97,0.06,3485.75,1637366435833,true
1648220962,58096.83,0.05,2904.84,1637366435844,false
1648220963,58096.82,0.001,58.09,1637366435856,true
1648220964,58096.82,0.001,58.09,1637366435882,true
1648220965,58096.82,0.133,7726.87,1637366435885,true
1648220966,58096.12,0.017,987.63,1637366435885,true
1648220967,58096.82,0.071,4124.87,1637366435891,true
1648220968,58096.12,0.079,4589.59,1637366435891,true
1648220969,58096.12,0.095,5519.13,1637366435893,true
1648220970,58096.12,0.15,8714.41,1637366435893,true
1648220971,58098.99,0.001,58.09,1637366436073,true
1648220972,58099,0.001,58.09,1637366436109,false
1648220973,58099,0.005,290.49,1637366436109,false
1648220974,58100,0.081,4706.1,1637366436110,false
1648220975,58100,0.519,30153.9,1637366436110,false
1648220976,58100,2.387,138684.7,1637366436161,false
1648220977,58100,0.016,929.6,1637366436161,false
1648220978,58100,0.001,58.1,1637366436161,false
1648220979,58101,0.02,1162.02,1637366436195,false
1648220980,58102.5,0.001,58.1,1637366436195,false
1648220981,58103.61,0.008,464.82,1637366436197,false
1648220982,58103.61,0.001,58.1,1637366436197,false
1648220983,58103.62,0.001,58.1,1637366436197,false
1648220984,58103.78,0.001,58.1,1637366436197,false
1648220985,58103.9,0.001,58.1,1637366436197,false
1648220986,58103.9,0.001,58.1,1637366436197,false
1648220987,58105,0.526,30563.23,1637366436226,false
1648220988,58105,0.034,1975.57,1637366436236,false
1648220989,58106.1,0.004,232.42,1637366436247,false
1648220990,58106.3,0.05,2905.31,1637366436247,false
1648220991,58106.3,0.123,7147.07,1637366436256,false
1648220992,58106.58,0.782,45439.34,1637366436256,false
1648220993,58106.58,0.613,35619.33,1637366436260,false
1648220994,58106.58,0.089,5171.48,1637366436274,false
1648220995,58106.58,0.117,6798.46,1637366436309,false
1648220996,58106.58,0.004,232.42,1637366436323,false
1648220997,58106.58,0.064,3718.82,1637366436323,false
1648220998,58106.58,0.051,2963.43,1637366436327,false
1648220999,58106.6,0.042,2440.47,1637366436327,false
1648221000,58106.6,0.078,4532.31,1637366436344,false
1648221001,58106.59,0.09,5229.59,1637366436346,true
1648221002,58106.57,0.014,813.49,1637366436346,true
1648221003,58106.59,0.001,58.1,1637366436414,true
1648221004,58106.59,0.032,1859.41,1637366436508,true
1648221005,58106.6,0.094,5462.02,1637366436544,false
1648221006,58106.6,0.022,1278.34,1637366436595,false
1648221007,58106.6,0.018,1045.91,1637366436600,false
1648221008,58106.6,0.002,116.21,1637366436747,false
1648221009,58106.59,0.027,1568.87,1637366436785,true
1648221010,58106.59,0.06,3486.39,1637366436785,true
1648221011,58106.59,0.045,2614.79,1637366436785,true
1648221012,58106.59,0.015,871.59,1637366436856,true
1648221013,58106.59,0.01,581.06,1637366436856,true
1648221014,58106.6,0.001,58.1,1637366436900,false
1648221015,58106.6,0.2,11621.32,1637366436930,false
1648221016,58106.59,0.023,1336.45,1637366436965,true
1648221017,58106.59,0.04,2324.26,1637366436967,true
1648221018,58106.6,0.081,4706.63,1637366437016,false
1648221019,58106.59,0.043,2498.58,1637366437016,true
1648221020,58106.59,0.001,58.1,1637366437044,true
1648221021,58106.6,0.948,55085.05,1637366437079,false
1648221022,58106.6,1.409,81872.19,1637366437079,false
1648221023,58106.6,0.189,10982.14,1637366437079,false
1648221024,58106.6,1.007,58513.34,1637366437092,false
1648221025,58106.59,0.15,8715.98,1637366437098,true
1648221026,58106.6,0.202,11737.53,1637366437111,false
1648221027,58106.6,0.041,2382.37,1637366437111,false
1648221028,58107.36,0.001,58.1,1637366437111,false
1648221029,58108.94,0.003,174.32,1637366437111,false
1648221030,58108.94,0.003,174.32,1637366437111,false
1648221031,58108.94,0.003,174.32,1637366437111,false
1648221032,58109.51,0.001,58.1,1637366437111,false
1648221033,58110,0.063,3660.93,1637366437111,false
1648221034,58110,0.005,290.55,1637366437111,false
1648221035,58110,0.005,290.55,1637366437111,false
1648221036,58110,0.005,290.55,1637366437111,false
1648221037,58110,0.005,290.55,1637366437111,false
1648221038,58110,0.005,290.55,1637366437111,false
1648221039,58111,0.044,2556.88,1637366437111,false
1648221040,58111.01,0.036,2091.99,1637366437111,false
1648221041,58111.05,0.001,58.11,1637366437111,false
1648221042,58112.42,0.071,4125.98,1637366437111,false
1648221043,58113.1,0.001,58.11,1637366437111,false
1648221044,58113.42,0.127,7380.4,1637366437111,false
1648221045,58113.78,0.002,116.22,1637366437111,false
1648221046,58115.51,0.91,52885.11,1637366437111,false
1648221047,58115.52,0.103,5985.89,1637366437111,false
1648221048,58115.54,0.909,52827.02,1637366437111,false
1648221049,58113.93,0.092,5346.48,1637366437129,true
1648221050,58115.55,0.002,116.23,1637366437187,false
1648221051,58115.54,0.001,58.11,1637366437352,true
1648221052,58115.54,0.001,58.11,1637366437361,true
1648221053,58115.54,0.007,406.8,1637366437485,true
1648221054,58115.55,0.01,581.15,1637366437494,false
1648221055,58115.55,0.001,58.11,1637366437510,false
1648221056,58115.55,0.001,58.11,1637366437510,false
1648221057,58115.55,0.053,3080.12,1637366437510,false
1648221058,58116.84,0.001,58.11,1637366437510,false
1648221059,58117.72,0.001,58.11,1637366437510,false
1648221060,58117.96,0.011,639.29,1637366437510,false
1648221061,58119.54,0.003,174.35,1637366437924,false
1648221062,58119.54,0.4,23247.81,1637366437924,false
1648221063,58119.54,0.002,116.23,1637366437924,false
1648221064,58119.54,0.4,23247.81,1637366437924,false
1648221065,58119.54,0.836,48587.93,1637366437924,false
1648221066,58119.54,0.25,14529.88,1637366437924,false
1648221067,58119.54,0.018,1046.15,1637366437924,false
1648221068,58120,0.003,174.36,1637366437924,false
1648221069,58120,0.004,232.48,1637366437924,false
1648221070,58120,0.001,58.12,1637366437924,false
1648221071,58120,0.021,1220.52,1637366437924,false
1648221072,58120,0.054,3138.48,1637366437924,false
1648221073,58120,0.004,232.48,1637366437924,false
1648221074,58120,0.02,1162.4,1637366437924,false
1648221075,58120.15,0.004,232.48,1637366437924,false
1648221076,58121.13,0.219,12728.52,1637366437924,false
1648221077,58121.13,0.455,26445.11,1637366437924,false
1648221078,58121.14,1.719,99910.23,1637366437924,false
1648221079,58121.35,0.001,58.12,1637366437924,false
1648221080,58121.5,0.02,1162.43,1637366437924,false
1648221081,58121.98,0.005,290.6,1637366437924,false
1648221082,58124.55,0.001,58.12,1637366437924,false
1648221083,58125,0.106,6161.25,1637366437924,false
1648221084,58125.5,0.526,30574.01,1637366437924,false
1648221085,58125.98,0.017,988.14,1637366437924,false
1648221086,58126.36,0.138,8021.43,1637366437924,false
1648221087,58127.14,0.071,4127.02,1637366437924,false
1648221088,58127.21,0.18,10462.89,1637366437924,false
1648221089,58127.31,0.001,58.12,1637366437924,false
1648221090,58127.6,0.001,58.12,1637366437924,false
1648221091,58127.82,0.748,43479.6,1637366437924,false
1648221092,58127.83,0.172,9997.98,1637366437924,false
1648221093,58129.16,0.34,19763.91,1637366437924,false
1648221094,58129.24,0.176,10230.74,1637366437924,false
1648221095,58130,0.2,11626,1637366437924,false
1648221096,58130,0.001,58.13,1637366437924,false
1648221097,58130.5,0.001,58.13,1637366437924,false
1648221098,58130.82,0.01,581.3,1637366437924,false
1648221099,58131.51,0.087,5057.44,1637366437924,false
1648221100,58131.83,0.037,2150.87,1637366437924,false
1648221101,58131.89,0.39,22671.43,1637366437924,false
1648221102,58133.4,0.001,58.13,1637366437924,false
1648221103,58133.48,0.18,10464.02,1637366437924,false
1648221104,58133.51,0.232,13486.97,1637366437924,false
1648221105,58133.51,0.232,13486.97,1637366437924,false
1648221106,58133.98,0.232,13487.08,1637366437924,false
1648221107,58134,0.012,697.6,1637366437924,false
1648221108,58134.23,0.004,232.53,1637366437924,false
1648221109,58134.26,0.004,232.53,1637366437924,false
1648221110,58134.26,0.06,3488.05,1637366437924,false
1648221111,58134.46,0.004,232.53,1637366437924,false
1648221112,58134.46,0.001,58.13,1637366437924,false
1648221113,58134.46,0.015,872.01,1637366437933,false
1648221114,58123.97,0.001,58.12,1637366437961,true
1648221115,58124.35,0.001,58.12,1637366437991,true
1648221116,58124.34,0.016,929.98,1637366437991,true
1648221117,58128.37,0.018,1046.31,1637366438050,true
1648221118,58128.37,0.135,7847.32,1637366438050,true
1648221119,58128.37,0.27,15694.65,1637366438084,true
1648221120,58128.37,0.065,3778.34,1637366438084,true
1648221121,58128.37,0.203,11800.05,1637366438084,true
1648221122,58128.37,0.517,30052.36,1637366438084,true
1648221123,58128.37,0.291,16915.35,1637366438084,true
1648221124,58128.37,0.018,1046.31,1637366438088,true
1648221125,58128.37,0.006,348.77,1637366438088,true
1648221126,58128.37,0.135,7847.32,1637366438107,true
1648221127,58128.37,0.029,1685.72,1637366438122,true
1648221128,58128.38,0.004,232.51,1637366438133,false
1648221129,58128.37,0.029,1685.72,1637366438137,true
1648221130,58128.37,0.029,1685.72,1637366438139,true
1648221131,58128.37,0.011,639.41,1637366438148,true
1648221132,58128.37,0.011,639.41,1637366438148,true
1648221133,58128.37,0.026,1511.33,1637366438153,true
1648221134,58128.37,0.065,3778.34,1637366438153,true
1648221135,58128.37,0.013,755.66,1637366438153,true
1648221136,58128.37,0.035,2034.49,1637366438153,true
1648221137,58128.37,0.004,232.51,1637366438155,true
1648221138,58128.37,0.025,1453.2,1637366438155,true
1648221139,58128.37,0.04,2325.13,1637366438155,true
1648221140,58128.37,0.005,290.64,1637366438169,true
1648221141,58128.37,0.043,2499.51,1637366438175,true
1648221142,58127.36,0.006,348.76,1637366438175,true
1648221143,58126.36,0.029,1685.66,1637366438187,true
1648221144,58124.36,0.016,929.98,1637366438187,true
1648221145,58124.34,0.232,13484.84,1637366438187,true
1648221146,58124.34,0.087,5056.81,1637366438187,true
1648221147,58124.17,0.036,2092.47,1637366438187,true
1648221148,58124.16,0.001,58.12,1637366438187,true
1648221149,58123.97,0.064,3719.93,1637366438187,true
1648221150,58122.56,0.001,58.12,1637366438188,true
1648221151,58121.36,0.016,929.94,1637366438206,true
1648221152,58121.35,0.149,8660.08,1637366438206,true
1648221153,58121.35,0.299,17378.28,1637366438206,true
1648221154,58120.13,0.001,58.12,1637366438206,true
1648221155,58119.98,0.697,40509.62,1637366438206,true
1648221156,58119.98,0.075,4358.99,1637366438206,true
1648221157,58119.69,0.448,26037.62,1637366438206,true
1648221158,58119.53,0.001,58.11,1637366438206,true
1648221159,58119.53,0.001,58.11,1637366438206,true
1648221160,58119.53,0.001,58.11,1637366438206,true
1648221161,58119.53,0.014,813.67,1637366438206,true
1648221162,58119.53,0.606,35220.43,1637366438206,true
1648221163,58119.53,0.138,8020.49,1637366438214,true
1648221164,58119.53,0.003,174.35,1637366438214,true
1648221165,58119.53,0.299,17377.73,1637366438214,true
1648221166,58120.14,0.002,116.24,1637366438223,false
1648221167,58116.02,0.077,4474.93,1637366438239,true
1648221168,58116,0.001,58.11,1637366438239,true
1648221169,58115.54,0.002,116.23,1637366438239,true
1648221170,58115.54,0.002,116.23,1637366438239,true
1648221171,58114.98,0.001,58.11,1637366438239,true
1648221172,58114.98,0.001,58.11,1637366438239,true
1648221173,58116.02,0.089,5172.32,1637366438242,true
1648221174,58113.72,0.001,58.11,1637366438244,true
1648221175,58113.71,0.071,4126.07,1637366438244,true
1648221176,58113.1,0.001,58.11,1637366438244,true
1648221177,58111.58,0.068,3951.58,1637366438244,true
1648221178,58111.57,0.172,9995.19,1637366438244,true
1648221179,58111.21,0.11,6392.23,1637366438244,true
1648221180,58111.09,0.163,9472.1,1637366438244,true
1648221181,58114.99,0.011,639.26,1637366438264,false
1648221182,58114.99,0.049,2847.63,1637366438270,false
1648221183,58115.55,0.002,116.23,1637366438270,false
1648221184,58109.84,0.007,406.76,1637366438327,true
1648221185,58109.84,0.045,2614.94,1637366438328,true
1648221186,58109.85,0.013,755.42,1637366438358,false
1648221187,58109.84,0.134,7786.71,1637366438400,false
1648221188,58108.23,0.018,1045.94,1637366438429,false
1648221189,58109.61,0.027,1568.95,1637366438429,false
1648221190,58109.59,0.007,406.76,1637366438467,false
1648221191,58109.6,0.001,58.1,1637366438467,false
1648221192,58109.59,0.001,58.1,1637366438495,true
1648221193,58109.59,0.015,871.64,1637366438603,true
1648221194,58109.6,0.005,290.54,1637366438608,false
1648221195,58109.6,0.023,1336.52,1637366438742,false
1648221196,58109.6,0.077,4474.43,1637366438742,false
1648221197,58109.6,0.01,581.09,1637366438845,false
1648221198,58109.6,0.015,871.64,1637366439017,false
1648221199,58109.59,0.034,1975.72,1637366439017,true
1648221200,58109.59,0.001,58.1,1637366439017,true
1648221201,58109.6,0.1,5810.96,1637366439126,false
1648221202,58109.6,0.044,2556.82,1637366439295,false
1648221203,58109.6,0.004,232.43,1637366439307,false
1648221204,58109.6,0.001,58.1,1637366439307,false
1648221205,58109.6,0.014,813.53,1637366439307,false
1648221206,58109.6,0.001,58.1,1637366439364,false
1648221207,58109.6,0.003,174.32,1637366439364,false
1648221208,58109.6,0.003,174.32,1637366439395,false
1648221209,58109.6,0.002,116.21,1637366439395,false
1648221210,58109.59,0.1,5810.95,1637366439404,true
1648221211,58109.59,0.028,1627.06,1637366439518,true
1648221212,58109.59,0.017,987.86,1637366439522,true
1648221213,58109.59,0.768,44628.16,1637366439555,true
1648221214,58109.59,0.06,3486.57,1637366439555,true
1648221215,58109.59,0.001,58.1,1637366439555,true
1648221216,58109.59,0.003,174.32,1637366439555,true
1648221217,58109.59,0.004,232.43,1637366439555,true
1648221218,58109.59,0.001,58.1,1637366439555,true
1648221219,58109.59,0.002,116.21,1637366439555,true
1648221220,58109.59,0.001,58.1,1637366439555,true
1648221221,58109.59,0.002,116.21,1637366439555,true
1648221222,58109.59,0.051,2963.58,1637366439555,true
1648221223,58109.03,0.001,58.1,1637366439555,true
1648221224,58108.02,0.006,348.64,1637366439555,true
1648221225,58107.89,0.032,1859.45,1637366439555,true
1648221226,58106.6,0.192,11156.46,1637366439555,true
1648221227,58106.59,0.045,2614.79,1637366439555,true
1648221228,58106.59,0.001,58.1,1637366439555,true
1648221229,58106.59,0.012,697.27,1637366439555,true
1648221230,58106.59,0.001,58.1,1637366439555,true
1648221231,58106.59,0.004,232.42,1637366439555,true
1648221232,58106.59,0.002,116.21,1637366439555,true
1648221233,58106.59,0.001,58.1,1637366439555,true
1648221234,58106.59,0.001,58.1,1637366439555,true
1648221235,58106.58,0.128,7437.64,1637366439555,true
1648221236,58106.58,0.15,8715.98,1637366439555,true
1648221237,58106.57,0.18,10459.18,1637366439555,true
1648221238,58105,0.008,464.84,1637366439555,true
1648221239,58103.97,0.027,1568.8,1637366439555,true
1648221240,58105.74,0.25,14526.43,1637366439620,false
1648221241,58106.27,0.006,348.63,1637366439620,false
1648221242,58106.27,0.038,2208.03,1637366439620,false
1648221243,58106.27,0.063,3660.69,1637366439804,false
1648221244,58106.59,0.003,174.31,1637366439804,false
1648221245,58109.5,0.014,813.53,1637366439804,false
1648221246,58109.57,0.31,18013.96,1637366439804,false
1648221247,58108.63,0.096,5578.42,1637366439836,true
1648221248,58108.64,0.001,58.1,1637366439944,false
1648221249,58108.64,0.002,116.21,1637366440164,false
1648221250,58108.64,0.401,23301.56,1637366440454,false
1648221251,58108.64,0.078,4532.47,1637366440486,false
1648221252,58108.64,0.001,58.1,1637366440491,false
1648221253,58108.64,0.1,5810.86,1637366440621,false
1648221254,58108.64,0.046,2672.99,1637366440638,false
1648221255,58108.64,0.002,116.21,1637366440660,false
1648221256,58108.64,0.077,4474.36,1637366440726,false
1648221257,58108.64,0.002,116.21,1637366440759,false
1648221258,58108.63,0.001,58.1,1637366440985,true
1648221259,58108.64,0.048,2789.21,1637366441147,false
1648221260,58108.64,0.003,174.32,1637366441147,false
1648221261,58108.64,0.005,290.54,1637366441147,false
1648221262,58108.64,0.002,116.21,1637366441147,false
1648221263,58108.64,0.008,464.86,1637366441147,false
1648221264,58108.64,0.005,290.54,1637366441147,false
1648221265,58108.64,0.013,755.41,1637366441147,false
1648221266,58108.64,0.018,1045.95,1637366441147,false
1648221267,58108.64,0.008,464.86,1637366441147,false
1648221268,58108.64,0.002,116.21,1637366441147,false
1648221269,58108.64,0.008,464.86,1637366441147,false
1648221270,58109.6,0.064,3719.01,1637366441147,false
1648221271,58109.84,0.059,3428.48,1637366441147,false
1648221272,58112.51,0.001,58.11,1637366441147,false
1648221273,58112.51,0.001,58.11,1637366441147,false
1648221274,58113.71,0.006,348.68,1637366441147,false
1648221275,58114.15,0.013,755.48,1637366441147,false
1648221276,58114.2,0.5,29057.1,1637366441147,false
1648221277,58114.2,0.119,6915.58,1637366441147,false
1648221278,58114.21,0.458,26616.3,1637366441147,false
1648221279,58114.22,0.103,5985.76,1637366441147,false
1648221280,58114.22,0.2,11622.84,1637366441147,false
1648221281,58114.23,0.5,29057.11,1637366441147,false
1648221282,58114.23,0.103,5985.76,1637366441147,false
1648221283,58114.23,0.2,11622.84,1637366441147,false
1648221284,58114.33,0.099,5753.31,1637366441147,false
1648221285,58114.21,0.001,58.11,1637366441160,false
1648221286,58114.34,0.001,58.11,1637366441273,false
1648221287,58114.33,0.001,58.11,1637366441373,true
1648221288,58114.19,0.088,5114.04,1637366441373,true
1648221289,58109.73,0.022,1278.41,1637366441373,true
1648221290,58112.48,0.135,7845.18,1637366441419,false
1648221291,58112.99,0.066,3835.45,1637366441419,false
1648221292,58108.8,0.001,58.1,1637366441479,true
1648221293,58108.64,0.003,174.32,1637366441538,false
1648221294,58111.78,0.005,290.55,1637366441629,false
1648221295,58111.77,0.08,4648.94,1637366441959,true
1648221296,58111.77,0.02,1162.23,1637366441959,true
1648221297,58111.77,0.045,2615.02,1637366441969,true
1648221298,58111.77,0.048,2789.36,1637366442240,true
1648221299,58111.77,0.039,2266.35,1637366442270,true
1648221300,58111.77,0.003,174.33,1637366442399,true
1648221301,58111.77,0.148,8600.54,1637366442423,true
1648221302,58111.78,0.001,58.11,1637366442484,false
1648221303,58111.78,0.05,2905.58,1637366442521,false
1648221304,58111.77,0.172,9995.22,1637366442545,true
1648221305,58111.78,0.005,290.55,1637366442547,false
1648221306,58111.78,0.001,58.11,1637366442645,false
1648221307,58111.78,0.001,58.11,1637366442651,false
1648221308,58111.78,0.001,58.11,1637366442679,false
1648221309,58111.78,0.191,11099.34,1637366442897,false
1648221310,58111.78,0.009,523,1637366442897,false
1648221311,58111.78,0.4,23244.71,1637366442897,false
1648221312,58111.78,0.089,5171.94,1637366442897,false
1648221313,58111.78,0.001,58.11,1637366442897,false
1648221314,58111.78,0.5,29055.89,1637366442897,false
1648221315,58111.78,0.186,10808.79,1637366442897,false
1648221316,58111.78,0.14,8135.64,1637366442897,false
1648221317,58111.77,0.002,116.22,1637366442911,true
1648221318,58111.77,0.003,174.33,1637366442911,true
1648221319,58111.77,0.016,929.78,1637366442911,true
1648221320,58109.6,0.001,58.1,1637366442911,true
1648221321,58109.59,0.122,7089.36,1637366442911,true
1648221322,58108.64,0.017,987.84,1637366442911,true
1648221323,58108.63,0.15,8716.29,1637366442911,true
1648221324,58108.63,0.008,464.86,1637366442911,true
1648221325,58109.6,0.004,232.43,1637366443159,false
1648221326,58109.6,0.002,116.21,1637366443255,false
1648221327,58109.6,0.001,58.1,1637366443287,false
1648221328,58109.6,0.002,116.21,1637366443394,false
1648221329,58109.6,0.039,2266.27,1637366443562,false
1648221330,58109.6,0.002,116.21,1637366443617,false
1648221331,58109.6,0.008,464.87,1637366443636,false
1648221332,58109.59,0.001,58.1,1637366443718,true
1648221333,58109.6,0.001,58.1,1637366443760,false
1648221334,58109.6,0.057,3312.24,1637366443788,false
1648221335,58109.6,0.018,1045.97,1637366443788,false
1648221336,58109.6,0.25,14527.4,1637366443788,false
1648221337,58109.6,0.003,174.32,1637366443788,false
1648221338,58109.6,0.001,58.1,1637366443788,false
1648221339,58109.6,0.001,58.1,1637366443788,false
1648221340,58109.61,0.22,12784.11,1637366443788,false
1648221341,58109.61,0.001,58.1,1637366443869,false
1648221342,58109.6,0.029,1685.17,1637366443955,true
1648221343,58111.72,0.094,5462.5,1637366444053,true
1648221344,58115.19,0.148,8601.04,1637366444109,false
1648221345,58114.51,0.001,58.11,1637366444344,false
1648221346,58114.51,0.001,58.11,1637366444371,false
1648221347,58114.51,0.248,14412.39,1637366444432,false
1648221348,58114.51,0.001,58.11,1637366444432,false
1648221349,58114.51,0.009,523.03,1637366444432,false
1648221350,58114.51,0.002,116.22,1637366444462,false
1648221351,58114.51,0.026,1510.97,1637366444516,false
1648221352,58114.51,0.004,232.45,1637366444661,false
1648221353,58114.51,0.001,58.11,1637366444678,false
1648221354,58114.5,0.001,58.11,1637366444741,true
1648221355,58114.5,0.001,58.11,1637366444741,true
1648221356,58114.5,0.003,174.34,1637366444741,true
1648221357,58114.03,0.01,581.14,1637366444764,false
1648221358,58110.51,0.002,116.22,1637366444965,false
1648221359,58108.63,0.207,12028.48,1637366445142,true
1648221360,58108.63,0.001,58.1,1637366445142,true
1648221361,58108.63,0.002,116.21,1637366445142,true
1648221362,58108.39,0.001,58.1,1637366445142,true
1648221363,58106.26,0.002,116.21,1637366445142,true
1648221364,58106,0.146,8483.47,1637366445142,true
1648221365,58105.99,0.015,871.58,1637366445142,true
1648221366,58105.96,0.042,2440.45,1637366445142,true
1648221367,58105.95,0.106,6159.23,1637366445143,true
1648221368,58108.4,0.004,232.43,1637366445159,false
1648221369,58108.29,0.02,1162.16,1637366445173,false
1648221370,58108.19,0.001,58.1,1637366445274,false
1648221371,58108.19,0.002,116.21,1637366445279,false
1648221372,58108.19,0.001,58.1,1637366445344,false
1648221373,58107.29,0.001,58.1,1637366445464,false
1648221374,58107.29,0.001,58.1,1637366445488,false
1648221375,58107.28,0.002,116.21,1637366445507,true
1648221376,58103.31,0.003,174.3,1637366445507,true
1648221377,58102.89,0.014,813.44,1637366445507,true
1648221378,58102.84,0.073,4241.5,1637366445507,true
1648221379,58106.92,0.002,116.21,1637366445559,false
1648221380,58106.38,0.001,58.1,1637366445638,false
1648221381,58106.38,0.001,58.1,1637366445654,false
1648221382,58106.38,0.001,58.1,1637366445654,false
1648221383,58106.38,0.001,58.1,1637366445679,false
1648221384,58106.38,0.161,9355.12,1637366445694,false
1648221385,58106.38,0.001,58.1,1637366445694,false
1648221386,58107.27,0.146,8483.66,1637366445694,false
1648221387,58107.28,1.775,103140.42,1637366445694,false
1648221388,58107.76,0.005,290.53,1637366445730,false
1648221389,58107.76,0.002,116.21,1637366445741,false
1648221390,58111.44,0.001,58.11,1637366445756,true
1648221391,58113.19,0.001,58.11,1637366445845,false
1648221392,58113.18,0.001,58.11,1637366445868,true
1648221393,58113.19,0.012,697.35,1637366445933,false
1648221394,58113.19,0.096,5578.86,1637366446104,false
1648221395,58113.19,0.001,58.11,1637366446123,false
1648221396,58113.19,0.063,3661.13,1637366446202,false
1648221397,58113.19,0.937,54452.05,1637366446202,false
1648221398,58113.19,0.1,5811.31,1637366446209,false
1648221399,58113.19,0.002,116.22,1637366446240,false
1648221400,58113.19,0.928,53929.04,1637366446255,false
1648221401,58113.19,0.001,58.11,1637366446255,false
1648221402,58113.19,0.062,3603.01,1637366446255,false
1648221403,58113.71,0.035,2033.97,1637366446255,false
1648221404,58115.29,0.008,464.92,1637366446255,false
1648221405,58115.41,0.001,58.11,1637366446255,false
1648221406,58116,0.1,5811.6,1637366446255,false
1648221407,58116.65,0.042,2440.89,1637366446255,false
1648221408,58116.8,0.009,523.05,1637366446255,false
1648221409,58116.83,1.814,105423.92,1637366446255,false
1648221410,58115,0.025,1452.87,1637366446388,true
1648221411,58115.01,0.001,58.11,1637366446656,false
1648221412,58116.58,0.001,58.11,1637366446656,false
1648221413,58116.58,0.002,116.23,1637366446657,false
1648221414,58116.58,0.002,116.23,1637366446682,false
1648221415,58116.75,0.001,58.11,1637366446743,false
1648221416,58116.75,0.002,116.23,1637366446776,false
1648221417,58116.74,0.032,1859.73,1637366446789,true
1648221418,58116.74,0.032,1859.73,1637366446789,true
1648221419,58116.74,0.043,2499.01,1637366446789,true
1648221420,58116.74,0.022,1278.56,1637366446789,true
1648221421,58116.74,0.006,348.7,1637366446789,true
1648221422,58115.01,0.042,2440.83,1637366446789,true
1648221423,58115.01,0.004,232.46,1637366446809,true
1648221424,58115.01,0.024,1394.76,1637366446825,false
1648221425,58115,0.057,3312.55,1637366446832,true
1648221426,58115,0.138,8019.87,1637366446832,true
1648221427,58115,0.009,523.03,1637366446832,true
1648221428,58115,0.001,58.11,1637366446832,true
1648221429,58113.54,0.001,58.11,1637366447115,true
1648221430,58113.54,0.034,1975.86,1637366447115,true
1648221431,58113.55,0.02,1162.27,1637366447252,false
1648221432,58113.55,0.113,6566.83,1637366447252,false
1648221433,58113.55,0.135,7845.32,1637366447252,false
1648221434,58113.55,0.5,29056.77,1637366447252,false
1648221435,58115,0.001,58.11,1637366447599,false
1648221436,58116.55,0.02,1162.33,1637366447625,true
1648221437,58115.43,0.049,2847.65,1637366447625,true
1648221438,58116.75,0.035,2034.08,1637366447676,false
1648221439,58116.75,0.041,2382.78,1637366447748,false
1648221440,58116.74,0.02,1162.33,1637366447757,true
1648221441,58116.55,0.001,58.11,1637366447757,true
1648221442,58114.99,0.001,58.11,1637366447757,true
1648221443,58113.64,0.012,697.36,1637366447757,true
1648221444,58112.45,0.015,871.68,1637366447816,true
1648221445,58109.52,0.071,4125.77,1637366447816,true
1648221446,58107.18,0.001,58.1,1637366447816,true
1648221447,58106.94,0.028,1626.99,1637366447816,true
1648221448,58106.93,0.103,5985.01,1637366447816,true
1648221449,58106.93,0.103,5985.01,1637366447816,true
1648221450,58106.73,0.187,10865.95,1637366447816,true
1648221451,58107.19,0.008,464.85,1637366447922,false
1648221452,58107.19,0.002,116.21,1637366448065,false
1648221453,58107.19,0.009,522.96,1637366448096,false
1648221454,58107.19,0.003,174.32,1637366448098,false
1648221455,58107.19,0.01,581.07,1637366448267,false
1648221456,58107.19,0.032,1859.43,1637366448267,false
1648221457,58109.96,0.105,6101.54,1637366448284,false
1648221458,58110.47,0.009,522.99,1637366448284,false
1648221459,58112.29,0.012,697.34,1637366448284,false
1648221460,58112.29,0.002,116.22,1637366448284,false
1648221461,58112.29,0.002,116.22,1637366448284,false
1648221462,58112.3,0.028,1627.14,1637366448284,false
1648221463,58112.35,0.269,15632.22,1637366448284,false
1648221464,58109.96,0.003,174.32,1637366448290,false
1648221465,58112.35,0.23,13365.84,1637366448290,false
1648221466,58112.35,0.06,3486.74,1637366448384,false
1648221467,58112.35,0.011,639.23,1637366448394,false
1648221468,58112.45,0.133,7728.95,1637366448394,false
1648221469,58112.99,0.043,2498.85,1637366448603,true
1648221470,58112.99,0.122,7089.78,1637366448651,true
1648221471,58112.99,0.028,1627.16,1637366448651,true
1648221472,58113,0.001,58.11,1637366448719,false
1648221473,58115.2,0.02,1162.3,1637366448742,true
1648221474,58115.03,0.005,290.57,1637366448742,true
1648221475,58114.86,0.014,813.6,1637366448799,false
1648221476,58116.69,0.041,2382.78,1637366448880,true
1648221477,58116.74,0.016,929.86,1637366449122,false
1648221478,58116.75,0.358,20805.79,1637366449319,false
1648221479,58118.57,0.001,58.11,1637366449355,false
1648221480,58121.78,0.002,116.24,1637366449408,true
1648221481,58121.79,0.001,58.12,1637366449828,false
1648221482,58121.79,0.028,1627.41,1637366449828,false
1648221483,58121.79,0.014,813.7,1637366449828,false
1648221484,58122,0.05,2906.1,1637366449893,false
1648221485,58122,0.05,2906.1,1637366449898,false
1648221486,58124.26,0.001,58.12,1637366449898,false
1648221487,58124.34,0.011,639.36,1637366449898,false
1648221488,58125.88,0.004,232.5,1637366449898,false
1648221489,58127.03,0.014,813.77,1637366449898,false
1648221490,58130,0.01,581.3,1637366449898,false
1648221491,58130.43,0.01,581.3,1637366449898,false
1648221492,58130.43,0.025,1453.26,1637366449898,false
1648221493,58130.5,0.001,58.13,1637366449898,false
1648221494,58132,0.003,174.39,1637366449898,false
1648221495,58132,0.054,3139.12,1637366450017,false
1648221496,58132,0.023,1337.03,1637366450017,false
1648221497,58131.99,0.001,58.13,1637366450131,true
1648221498,58132,0.02,1162.64,1637366450344,false
1648221499,58132,0.419,24357.3,1637366450344,false
1648221500,58131.99,0.031,1802.09,1637366450363,true
1648221501,58131.99,0.032,1860.22,1637366450363,true
1648221502,58131.99,0.001,58.13,1637366450363,true
1648221503,58131.99,0.043,2499.67,1637366450363,true
1648221504,58131.99,0.001,58.13,1637366450363,true
1648221505,58131.99,0.002,116.26,1637366450366,true
1648221506,58123.13,0.08,4649.85,1637366450411,false
1648221507,58123.13,0.032,1859.94,1637366450411,false
1648221508,58123.13,0.02,1162.46,1637366450411,false
1648221509,58123.13,0.069,4010.49,1637366450411,false
1648221510,58123.12,0.071,4126.74,1637366450504,true
1648221511,58123.12,0.018,1046.21,1637366450504,true
1648221512,58122.04,0.002,116.24,1637366450504,true
1648221513,58121.78,0.002,116.24,1637366450604,true
1648221514,58121.78,0.004,232.48,1637366450604,true
1648221515,58121.79,0.014,813.7,1637366450805,false
1648221516,58121.79,0.004,232.48,1637366450882,false
1648221517,58121.79,0.004,232.48,1637366450882,false
1648221518,58121.79,0.001,58.12,1637366450882,false
1648221519,58127.85,0.09,5231.5,1637366450882,false
1648221520,58127.85,0.002,116.25,1637366450882,false
1648221521,58127.86,0.001,58.12,1637366450882,false
1648221522,58127.95,0.427,24820.63,1637366450882,false
1648221523,58127.96,0.5,29063.98,1637366450882,false
1648221524,58127.96,0.103,5987.17,1637366450882,false
1648221525,58128.01,0.103,5987.18,1637366450882,false
1648221526,58128.95,0.071,4127.15,1637366450882,false
1648221527,58130.17,0.19,11044.73,1637366450882,false
1648221528,58130.18,0.532,30925.25,1637366450882,false
1648221529,58130.72,0.258,14997.72,1637366450882,false
1648221530,58131.38,0.086,4999.29,1637366450882,false
1648221531,58131.39,0.674,39180.55,1637366450882,false
1648221532,58131.97,0.001,58.13,1637366451385,false
1648221533,58131.96,0.005,290.65,1637366451428,true
1648221534,58131.96,0.025,1453.29,1637366451444,true
1648221535,58131.96,0.03,1743.95,1637366451444,true
1648221536,58131.96,0.083,4824.95,1637366451444,true
1648221537,58131.96,0.021,1220.77,1637366451444,true
1648221538,58131.96,0.008,465.05,1637366451492,true
1648221539,58131.96,0.001,58.13,1637366451492,true
1648221540,58131.96,0.001,58.13,1637366451492,true
1648221541,58131.97,0.015,871.97,1637366451612,false
1648221542,58131.96,0.002,116.26,1637366451684,true
1648221543,58131.96,0.001,58.13,1637366451684,true
1648221544,58131.96,0.001,58.13,1637366451684,true
1648221545,58127,0.002,116.25,1637366451684,true
1648221546,58127,0.002,116.25,1637366451684,true
1648221547,58127,0.008,465.01,1637366451685,true
1648221548,58131.95,0.25,14532.98,1637366451809,false
1648221549,58131.95,0.002,116.26,1637366451809,false
1648221550,58131.95,0.161,9359.24,1637366451809,false
1648221551,58130.56,0.004,232.52,1637366451932,true
1648221552,58130.57,0.25,14532.64,1637366452015,false
1648221553,58131.89,0.4,23252.75,1637366452015,false
1648221554,58131.93,1.716,99754.39,1637366452015,false
1648221555,58131.95,0.071,4127.36,1637366452015,false
1648221556,58131.95,0.113,6568.91,1637366452015,false
1648221557,58131.95,0.135,7847.81,1637366452015,false
1648221558,58131.96,2.417,140504.94,1637366452015,false
1648221559,58130.56,0.046,2674,1637366452015,true
1648221560,58130.56,0.05,2906.52,1637366452015,true
1648221561,58130.56,0.173,10056.58,1637366452015,true
1648221562,58126.15,0.001,58.12,1637366452015,true
1648221563,58125.69,0.003,174.37,1637366452015,true
1648221564,58123.99,0.146,8486.1,1637366452015,true
1648221565,58123.99,0.05,2906.19,1637366452015,true
1648221566,58123.98,0.042,2441.2,1637366452015,true
1648221567,58123.93,0.103,5986.76,1637366452015,true
1648221568,58123.93,0.076,4417.41,1637366452015,true
1648221569,58130.92,0.001,58.13,1637366452111,false
1648221570,58130.91,0.001,58.13,1637366452111,true
1648221571,58130.92,0.03,1743.92,1637366452123,false
1648221572,58130.91,0.016,930.09,1637366452138,true
1648221573,58131.79,0.034,1976.48,1637366452147,false
1648221574,58131.95,0.058,3371.65,1637366452221,false
1648221575,58131.95,0.02,1162.63,1637366452241,false
1648221576,58131.95,0.004,232.52,1637366452259,false
1648221577,58131.94,0.202,11742.65,1637366452278,true
1648221578,58131.95,0.003,174.39,1637366452328,false
1648221579,58131.95,0.002,116.26,1637366452333,false
1648221580,58131.95,0.001,58.13,1637366452557,false
1648221581,58131.95,0.002,116.26,1637366452781,false
1648221582,58131.95,0.002,116.26,1637366452883,false
1648221583,58131.95,0.003,174.39,1637366452947,false
1648221584,58131.95,0.009,523.18,1637366453014,false
1648221585,58131.95,0.009,523.18,1637366453024,false
1648221586,58131.95,0.006,348.79,1637366453173,false
1648221587,58131.95,0.002,116.26,1637366453265,false
1648221588,58131.94,0.361,20985.63,1637366453272,true
1648221589,58131.94,0.003,174.39,1637366453308,true
1648221590,58131.94,0.014,813.84,1637366453446,true
1648221591,58131.94,0.001,58.13,1637366453446,true
1648221592,58131.94,0.001,58.13,1637366453446,true
1648221593,58131.94,0.314,18253.42,1637366453446,true
1648221594,58131.94,0.001,58.13,1637366453446,true
1648221595,58131.94,0.082,4766.81,1637366453446,true
1648221596,58131.94,0.028,1627.69,1637366453446,true
1648221597,58131.94,0.001,58.13,1637366453446,true
1648221598,58131.94,0.002,116.26,1637366453446,true
1648221599,58131.94,0.043,2499.67,1637366453446,true
1648221600,58131.94,0.001,58.13,1637366453446,true
1648221601,58131.94,0.001,58.13,1637366453446,true
1648221602,58131.94,0.001,58.13,1637366453446,true
1648221603,58131.94,0.001,58.13,1637366453446,true
1648221604,58126.33,0.491,28540.02,1637366453446,true
1648221605,58126.33,0.009,523.13,1637366453454,true
1648221606,58126.32,0.014,813.76,1637366453454,true
1648221607,58126.25,0.027,1569.4,1637366453454,true
1648221608,58126.23,0.02,1162.52,1637366453454,true
1648221609,58128.65,0.012,697.54,1637366453506,true
1648221610,58128.65,0.02,1162.57,1637366453896,true
1648221611,58128.66,0.001,58.12,1637366454085,false
1648221612,58128.66,0.002,116.25,1637366454088,false
1648221613,58128.66,0.001,58.12,1637366454194,false
1648221614,58128.66,0.006,348.77,1637366454194,false
1648221615,58128.65,0.001,58.12,1637366454338,true
1648221616,58128.66,0.001,58.12,1637366454357,false
1648221617,58128.66,0.002,116.25,1637366454457,false
1648221618,58128.65,0.1,5812.86,1637366454825,true
1648221619,58128.66,0.001,58.12,1637366454837,false
1648221620,58128.66,0.026,1511.34,1637366454837,false
1648221621,58128.66,0.001,58.12,1637366454837,false
1648221622,58128.66,0.001,58.12,1637366454837,false
1648221623,58128.66,0.001,58.12,1637366454837,false
1648221624,58128.66,0.006,348.77,1637366454837,false
1648221625,58128.66,0.05,2906.43,1637366454837,false
1648221626,58128.66,0.114,6626.66,1637366454837,false
1648221627,58128.66,0.021,1220.7,1637366454972,false
1648221628,58128.66,0.002,116.25,1637366455029,false
1648221629,58128.66,0.005,290.64,1637366455126,false
1648221630,58128.66,0.101,5870.99,1637366455194,false
1648221631,58128.65,0.309,17961.75,1637366455215,true
1648221632,58128.65,0.002,116.25,1637366455243,true
1648221633,58128.65,0.074,4301.52,1637366455369,true
1648221634,58128.66,0.008,465.02,1637366455482,false
1648221635,58128.65,0.017,988.18,1637366455521,true
1648221636,58128.66,0.185,10753.8,1637366455596,false
1648221637,58128.66,0.002,116.25,1637366455731,false
1648221638,58128.65,0.021,1220.7,1637366455742,true
1648221639,58128.66,0.086,4999.06,1637366455806,false
1648221640,58128.66,0.008,465.02,1637366456017,false
1648221641,58128.65,0.001,58.12,1637366456017,true
1648221642,58128.66,0.002,116.25,1637366456159,false
1648221643,58128.66,0.005,290.64,1637366456410,false
1648221644,58128.66,0.016,930.05,1637366456419,false
1648221645,58128.66,0.05,2906.43,1637366456574,false
1648221646,58128.65,0.001,58.12,1637366456598,true
1648221647,58128.66,0.05,2906.43,1637366456632,false
1648221648,58128.66,0.002,116.25,1637366456632,false
1648221649,58128.66,0.063,3662.1,1637366456632,false
1648221650,58128.66,0.013,755.67,1637366456632,false
1648221651,58131.6,0.056,3255.36,1637366456632,false
1648221652,58131.61,0.112,6510.74,1637366456632,false
1648221653,58131.62,0.042,2441.52,1637366456632,false
1648221654,58131.75,0.002,116.26,1637366456632,false
1648221655,58131.75,0.002,116.26,1637366456632,false
1648221656,58131.85,0.004,232.52,1637366456632,false
1648221657,58131.91,0.5,29065.95,1637366456632,false
1648221658,58131.92,0.119,6917.69,1637366456632,false
1648221659,58131.92,0.145,8429.12,1637366456632,false
1648221660,58131.94,0.459,26682.56,1637366456632,false
1648221661,58128.65,0.008,465.02,1637366456737,true
1648221662,58128.65,0.002,116.25,1637366456737,true
1648221663,58128.65,0.001,58.12,1637366456737,true
1648221664,58128.65,0.001,58.12,1637366456737,true
1648221665,58128.65,0.002,116.25,1637366456737,true
1648221666,58128.65,0.014,813.8,1637366456737,true
1648221667,58128.66,0.002,116.25,1637366456742,false
1648221668,58131.93,0.08,4650.55,1637366456781,true
1648221669,58131.93,0.06,3487.91,1637366456781,true
1648221670,58131.93,0.02,1162.63,1637366456781,true
1648221671,58131.92,0.02,1162.63,1637366456781,true
1648221672,58129.89,0.113,6568.67,1637366456781,true
1648221673,58129.66,0.018,1046.33,1637366456781,true
1648221674,58129.66,0.002,116.25,1637366456781,true
1648221675,58129.35,0.033,1918.26,1637366456781,true
1648221676,58129.15,0.011,639.42,1637366456781,true
1648221677,58128.99,0.135,7847.41,1637366456781,true
1648221678,58128.66,0.015,871.92,1637366456781,true
1648221679,58130.15,0.018,1046.34,1637366456874,false
1648221680,58130.23,0.002,116.26,1637366456874,false
1648221681,58130.25,0.113,6568.71,1637366456874,false
1648221682,58131.59,0.001,58.13,1637366456874,false
1648221683,58131.84,0.014,813.84,1637366456874,false
1648221684,58131.91,0.027,1569.56,1637366456874,false
1648221685,58131.91,0.001,58.13,1637366456888,false
1648221686,58131.95,0.01,581.31,1637366457313,false
1648221687,58131.94,0.232,13486.61,1637366457470,true
1648221688,58131.94,0.02,1162.63,1637366457470,true
1648221689,58131.94,0.041,2383.4,1637366457470,true
1648221690,58131.94,0.5,29065.97,1637366457470,true
1648221691,58131.94,0.006,348.79,1637366457470,true
1648221692,58131.94,0.015,871.97,1637366457470,true
1648221693,58131.94,0.001,58.13,1637366457470,true
1648221694,58131.94,0.015,871.97,1637366457470,true
1648221695,58131.94,0.014,813.84,1637366457470,true
1648221696,58131.94,0.001,58.13,1637366457470,true
1648221697,58131.94,0.002,116.26,1637366457470,true
1648221698,58131.93,0.153,8894.18,1637366457470,true
1648221699,58131.95,0.073,4243.63,1637366457503,false
1648221700,58131.94,0.037,2150.88,1637366457619,true
1648221701,58131.94,0.033,1918.35,1637366457673,true
1648221702,58131.95,0.018,1046.37,1637366457701,false
1648221703,58131.95,0.075,4359.89,1637366457703,false
1648221704,58131.95,0.059,3429.78,1637366457703,false
1648221705,58132.18,0.004,232.52,1637366457703,false
1648221706,58135.45,0.059,3429.99,1637366457718,false
1648221707,58135.45,0.003,174.4,1637366457734,false
1648221708,58135.45,0.052,3023.04,1637366457764,false
1648221709,58137.65,0.001,58.13,1637366457769,false
1648221710,58138.12,0.001,58.13,1637366457769,false
1648221711,58139.2,0.001,58.13,1637366457769,false
1648221712,58139.33,0.006,348.83,1637366457770,false
1648221713,58139.32,0.014,813.95,1637366457849,true
1648221714,58139.32,0.016,930.22,1637366457889,true
1648221715,58139.32,0.001,58.13,1637366457919,true
1648221716,58139.33,0.033,1918.59,1637366458001,false
1648221717,58139.33,0.073,4244.17,1637366458001,false
1648221718,58139.33,0.001,58.13,1637366458001,false
1648221719,58139.33,0.554,32209.18,1637366458001,false
1648221720,58140,0.198,11511.72,1637366458040,false
1648221721,58140,0.001,58.14,1637366458040,false
1648221722,58140.64,0.001,58.14,1637366458040,false
1648221723,58140.83,0.232,13488.67,1637366458040,false
1648221724,58142.48,0.001,58.14,1637366458040,false
1648221725,58143,0.2,11628.6,1637366458040,false
1648221726,58143.2,0.051,2965.3,1637366458041,false
1648221727,58143.27,0.1,5814.32,1637366458041,false
1648221728,58143.27,0.016,930.29,1637366458041,false
1648221729,58143.46,0.001,58.14,1637366458041,false
1648221730,58143.69,0.138,8023.82,1637366458041,false
1648221731,58143.69,0.007,407,1637366458041,false
1648221732,58143.74,0.001,58.14,1637366458093,true
1648221733,58143.75,0.001,58.14,1637366458219,false
1648221734,58143.8,0.001,58.14,1637366458219,false
1648221735,58143.81,0.01,581.43,1637366458219,false
1648221736,58144.16,0.001,58.14,1637366458219,false
1648221737,58144.32,0.021,1221.03,1637366458219,false
1648221738,58144.32,0.001,58.14,1637366458240,false
1648221739,58144.32,0.099,5756.28,1637366458336,false
1648221740,58144.43,0.069,4011.96,1637366458336,false
1648221741,58146.65,0.08,4651.73,1637366458445,true
1648221742,58146.65,0.03,1744.39,1637366458445,true
1648221743,58146.65,0.002,116.29,1637366458487,true
1648221744,58146.65,0.001,58.14,1637366458505,true
1648221745,58146.65,0.014,814.05,1637366458575,true
1648221746,58146.65,0.025,1453.66,1637366458727,true
1648221747,58146.66,0.003,174.43,1637366458820,false
1648221748,58146.71,0.031,1802.54,1637366458820,false
1648221749,58146.7,0.02,1162.93,1637366458905,true
1648221750,58146.71,0.004,232.58,1637366458905,false
1648221751,58146.7,0.008,465.17,1637366458920,true
1648221752,58147.52,0.001,58.14,1637366459268,false
1648221753,58149.08,0.028,1628.17,1637366459268,false
1648221754,58149.08,0.049,2849.3,1637366459268,false
1648221755,58149.8,0.001,58.14,1637366459447,false
1648221756,58150,0.003,174.45,1637366459447,false
1648221757,58150,0.257,14944.55,1637366459447,false
1648221758,58150,0.008,465.2,1637366459447,false
1648221759,58150,0.006,348.9,1637366459447,false
1648221760,58150,0.001,58.15,1637366459447,false
1648221761,58150,0.004,232.6,1637366459447,false
1648221762,58150,0.002,116.3,1637366459447,false
1648221763,58150,0.001,58.15,1637366459447,false
1648221764,58150,0.001,58.15,1637366459447,false
1648221765,58150,0.057,3314.55,1637366459447,false
1648221766,58150,0.001,58.15,1637366459447,false
1648221767,58150,0.195,11339.25,1637366459447,false
1648221768,58150,0.017,988.55,1637366459447,false
1648221769,58150,0.067,3896.05,1637366459447,false
1648221770,58150,0.004,232.6,1637366459447,false
1648221771,58150,0.005,290.75,1637366459447,false
1648221772,58150,0.005,290.75,1637366459447,false
1648221773,58150,0.005,290.75,1637366459447,false
1648221774,58150.53,0.001,58.15,1637366459447,false
1648221775,58150.7,0.016,930.41,1637366459447,false
1648221776,58152.57,0.242,14072.92,1637366459447,false
1648221777,58152.91,0.202,11746.88,1637366459447,false
1648221778,58152.92,0.273,15875.74,1637366459447,false
1648221779,58152.92,0.002,116.3,1637366459447,false
1648221780,58152.92,0.088,5117.45,1637366459447,false
1648221781,58153,0.076,4419.62,1637366459448,false
1648221782,58150,0.019,1104.85,1637366459457,true
1648221783,58153,0.124,7210.97,1637366459465,false
1648221784,58153.07,0.004,232.61,1637366459465,false
1648221785,58153.68,0.007,407.07,1637366459465,false
1648221786,58153.7,0.004,232.61,1637366459465,false
1648221787,58154.17,0.001,58.15,1637366459465,false
1648221788,58154.27,0.001,58.15,1637366459465,false
1648221789,58154.45,0.002,116.3,1637366459465,false
1648221790,58154.52,0.038,2209.87,1637366459465,false
1648221791,58154.53,0.106,6164.38,1637366459465,false
1648221792,58155.02,0.025,1453.87,1637366459465,false
1648221793,58155.02,0.012,697.86,1637366459655,false
1648221794,58155.02,0.122,7094.91,1637366459655,false
1648221795,58155.02,0.003,174.46,1637366459786,false
1648221796,58155.02,0.021,1221.25,1637366459797,false
1648221797,58155.01,0.018,1046.79,1637366459798,true
1648221798,58155.02,0.019,1104.94,1637366460022,false
1648221799,58156,0.012,697.87,1637366460022,false
1648221800,58156.29,0.001,58.15,1637366460022,false
1648221801,58156.65,0.022,1279.44,1637366460022,false
1648221802,58156.66,0.073,4245.43,1637366460022,false
1648221803,58156.94,0.005,290.78,1637366460022,false
1648221804,58157.04,0.002,116.31,1637366460022,false
1648221805,58157.1,0.001,58.15,1637366460022,false
1648221806,58157.1,0.068,3954.68,1637366460022,false
1648221807,58157.11,0.01,581.57,1637366460022,false
1648221808,58157.14,0.005,290.78,1637366460022,false
1648221809,58157.17,0.806,46874.67,1637366460022,false
1648221810,58155.01,0.002,116.31,1637366460022,true
1648221811,58155.01,0.055,3198.52,1637366460023,true
1648221812,58155.01,0.005,290.77,1637366460023,true
1648221813,58155.01,0.002,116.31,1637366460023,true
1648221814,58155.01,0.002,116.31,1637366460023,true
1648221815,58155.01,0.019,1104.94,1637366460023,true
1648221816,58155.01,0.002,116.31,1637366460023,true
1648221817,58155.01,0.004,232.62,1637366460023,true
1648221818,58153.5,0.001,58.15,1637366460023,true
1648221819,58153.14,0.146,8490.35,1637366460023,true
1648221820,58153.13,0.015,872.29,1637366460023,true
1648221821,58153.08,0.407,23668.3,1637366460023,true
1648221822,58153.08,0.007,407.07,1637366460023,true
1648221823,58153.08,0.086,5001.16,1637366460023,true
1648221824,58153.07,0.184,10700.16,1637366460023,true
1648221825,58153,0.5,29076.5,1637366460023,true
1648221826,58150.54,0.339,19713.03,1637366460023,true
1648221827,58150.03,0.095,5524.25,1637366460023,true
1648221828,58150.01,0.056,3256.4,1637366460023,true
1648221829,58150,0.136,7908.4,1637366460023,true
1648221830,58149.79,0.002,116.29,1637366460023,true
1648221831,58149.79,0.001,58.14,1637366460023,true
1648221832,58147.88,0.086,5000.71,1637366460023,true
1648221833,58147.52,0.06,3488.85,1637366460023,true
1648221834,58147.52,0.111,6454.37,1637366460023,true
1648221835,58147.3,0.042,2442.18,1637366460023,true
1648221836,58146.71,0.001,58.14,1637366460023,true
1648221837,58146.65,0.001,58.14,1637366460023,true
1648221838,58145.06,0.006,348.87,1637366460023,true
1648221839,58145.05,0.042,2442.09,1637366460023,true
1648221840,58144.98,0.002,116.28,1637366460023,true
1648221841,58144.98,0.002,116.28,1637366460023,true
1648221842,58144.97,0.444,25816.36,1637366460023,true
1648221843,58144.93,1,58144.93,1637366460023,true
1648221844,58144.87,0.008,465.15,1637366460023,true
1648221845,58150.55,0.008,465.2,1637366460134,true
1648221846,58153.09,0.009,523.37,1637366460141,false
1648221847,58150.55,0.073,4244.99,1637366460145,true
1648221848,58146.42,0.004,232.58,1637366460145,true
1648221849,58145.07,0.026,1511.77,1637366460145,true
1648221850,58151.81,0.02,1163.03,1637366460359,true
1648221851,58150.38,0.002,116.3,1637366460359,true
1648221852,58151.82,0.001,58.15,1637366460461,false
1648221853,58151.82,0.005,290.75,1637366460462,false
1648221854,58152.65,0.001,58.15,1637366460462,false
1648221855,58152.98,0.146,8490.33,1637366460462,false
1648221856,58152.99,0.028,1628.28,1637366460462,false
1648221857,58153.01,0.235,13665.95,1637366460462,false
1648221858,58153.01,0.265,15410.54,1637366460583,false
1648221859,58153.01,0.006,348.91,1637366460583,false
1648221860,58153.01,0.003,174.45,1637366460583,false
1648221861,58153.01,0.004,232.61,1637366460598,false
1648221862,58153.01,0.083,4826.69,1637366460598,false
1648221863,58152.49,0.005,290.76,1637366460642,false
1648221864,58152.48,0.035,2035.33,1637366460644,true
1648221865,58152.49,0.001,58.15,1637366460928,false
1648221866,58152.49,0.001,58.15,1637366460928,false
1648221867,58152.9,0.001,58.15,1637366461085,false
1648221868,58152.9,0.016,930.44,1637366461121,false
1648221869,58152.9,0.001,58.15,1637366461121,false
1648221870,58152.9,0.031,1802.73,1637366461121,false
1648221871,58152.9,0.105,6106.05,1637366461132,false
1648221872,58153.01,0.003,174.45,1637366461215,false
1648221873,58153.01,0.001,58.15,1637366461313,false
1648221874,58153,0.003,174.45,1637366461357,true
1648221875,58153,0.001,58.15,1637366461357,true
1648221876,58153,0.003,174.45,1637366461357,true
1648221877,58153,0.001,58.15,1637366461357,true
1648221878,58153,0.001,58.15,1637366461357,true
1648221879,58152.95,0.007,407.07,1637366461357,true
1648221880,58152.91,0.4,23261.16,1637366461357,true
1648221881,58152.9,0.048,2791.33,1637366461357,true
1648221882,58152.89,0.001,58.15,1637366461357,true
1648221883,58152.89,0.05,2907.64,1637366461357,true
1648221884,58152.49,0.005,290.76,1637366461409,false
1648221885,58152.48,0.008,465.21,1637366461480,true
1648221886,58151.81,0.001,58.15,1637366461480,true
1648221887,58151.81,0.001,58.15,1637366461480,true
1648221888,58150.03,0.004,232.6,1637366461480,true
1648221889,58150.03,0.16,9304,1637366461532,false
1648221890,58150.03,0.04,2326,1637366461532,false
1648221891,58152.65,0.027,1570.12,1637366461627,false
1648221892,58153.01,0.089,5175.61,1637366461627,false
1648221893,58157.05,0.014,814.19,1637366461627,false
1648221894,58157.08,0.004,232.62,1637366461627,false
1648221895,58157.12,0.266,15469.79,1637366461627,false
1648221896,58157.11,0.256,14888.22,1637366461677,true
1648221897,58157.12,0.068,3954.68,1637366461709,false
1648221898,58157.12,0.001,58.15,1637366461709,false
1648221899,58157.18,0.042,2442.6,1637366461709,false
1648221900,58157.21,0.202,11747.75,1637366461709,false
1648221901,58157.12,0.01,581.57,1637366461772,false
1648221902,58157.12,0.25,14539.28,1637366461787,false
1648221903,58157.12,0.113,6571.75,1637366461787,false
1648221904,58157.12,0.135,7851.21,1637366461787,false
1648221905,58157.12,0.202,11747.73,1637366461787,false
1648221906,58157.11,0.001,58.15,1637366461888,true
1648221907,58157.12,0.036,2093.65,1637366461906,false
1648221908,58157.12,0.005,290.78,1637366461957,false
1648221909,58157.11,0.001,58.15,1637366461974,true
1648221910,58157.11,0.007,407.09,1637366462146,true
1648221911,58157.12,0.004,232.62,1637366462196,false
1648221912,58157.12,0.006,348.94,1637366462196,false
1648221913,58157.12,0.002,116.31,1637366462281,false
1648221914,58157.12,0.007,407.09,1637366462281,false
1648221915,58157.12,0.017,988.67,1637366462308,false
1648221916,58157.11,0.002,116.31,1637366462321,true
1648221917,58157.11,0.013,756.04,1637366462334,true
1648221918,58157.11,0.036,2093.65,1637366462334,true
1648221919,58157.12,0.017,988.67,1637366462354,false
1648221920,58157.21,0.033,1919.18,1637366462354,false
1648221921,58157.11,0.008,465.25,1637366462361,true
1648221922,58157.21,0.001,58.15,1637366462398,false
1648221923,58157.21,0.018,1046.82,1637366462413,false
1648221924,58157.21,0.2,11631.44,1637366462531,false
1648221925,58157.2,0.171,9944.88,1637366462588,true
1648221926,58157.21,0.1,5815.72,1637366462865,false
1648221927,58157.21,0.045,2617.07,1637366462883,false
1648221928,58157.21,0.035,2035.5,1637366462950,false
1648221929,58157.21,0.012,697.88,1637366462977,false
1648221930,58157.21,0.01,581.57,1637366463078,false
1648221931,58157.21,0.555,32277.25,1637366463192,false
1648221932,58157.21,1.402,81536.4,1637366463243,false
1648221933,58157.21,0.565,32858.82,1637366463257,false
1648221934,58157.21,0.69,40128.47,1637366463259,false
1648221935,58157.21,0.094,5466.77,1637366463276,false
1648221936,58157.21,0.02,1163.14,1637366463302,false
1648221937,58157.21,0.005,290.78,1637366463380,false
1648221938,58157.21,0.001,58.15,1637366463419,false
1648221939,58157.21,0.015,872.35,1637366463478,false
1648221940,58157.2,0.346,20122.39,1637366463485,true
1648221941,58157.2,0.001,58.15,1637366463489,true
1648221942,58157.21,0.002,116.31,1637366463506,false
1648221943,58157.21,0.011,639.72,1637366463682,false
1648221944,58157.2,0.014,814.2,1637366463787,true
1648221945,58157.2,0.033,1919.18,1637366463856,true
1648221946,58157.21,0.009,523.41,1637366463912,false
1648221947,58157.21,0.019,1104.98,1637366463969,false
1648221948,58157.21,0.022,1279.45,1637366464026,false
1648221949,58157.21,0.005,290.78,1637366464026,false
1648221950,58157.21,0.005,290.78,1637366464026,false
1648221951,58157.21,0.069,4012.84,1637366464026,false
1648221952,58157.21,0.652,37918.5,1637366464026,false
1648221953,58157.21,0.015,872.35,1637366464026,false
1648221954,58157.21,0.178,10351.98,1637366464026,false
1648221955,58157.21,0.062,3605.74,1637366464026,false
1648221956,58157.21,0.011,639.72,1637366464026,false
1648221957,58157.21,0.018,1046.82,1637366464026,false
1648221958,58157.21,0.095,5524.93,1637366464026,false
1648221959,58157.21,0.042,2442.6,1637366464026,false
1648221960,58157.21,0.04,2326.28,1637366464026,false
1648221961,58157.21,0.004,232.62,1637366464026,false
1648221962,58157.21,0.151,8781.73,1637366464026,false
1648221963,58157.21,0.063,3663.9,1637366464026,false
1648221964,58157.21,0.042,2442.6,1637366464026,false
1648221965,58157.45,0.001,58.15,1637366464026,false
1648221966,58157.5,0.001,58.15,1637366464026,false
1648221967,58157.69,0.001,58.15,1637366464026,false
1648221968,58157.74,0.001,58.15,1637366464026,false
1648221969,58157.78,0.012,697.89,1637366464026,false
1648221970,58157.97,0.003,174.47,1637366464026,false
1648221971,58157.97,0.009,523.42,1637366464026,false
1648221972,58157.97,0.132,7676.85,1637366464026,false
1648221973,58157.97,0.145,8432.9,1637366464026,false
1648221974,58157.97,0.123,7153.43,1637366464026,false
1648221975,58157.97,0.019,1105,1637366464026,false
1648221976,58157.97,0.003,174.47,1637366464026,false
1648221977,58157.97,0.063,3663.95,1637366464026,false
1648221978,58157.97,0.003,174.47,1637366464026,false
1648221979,58157.97,0.012,697.89,1637366464026,false
1648221980,58157.97,0.027,1570.26,1637366464026,false
1648221981,58157.97,0.04,2326.31,1637366464026,false
1648221982,58157.97,0.036,2093.68,1637366464026,false
1648221983,58157.97,0.108,6281.06,1637366464026,false
1648221984,58157.97,0.028,1628.42,1637366464026,false
1648221985,58157.97,0.001,58.15,1637366464026,false
1648221986,58157.97,0.016,930.52,1637366464026,false
1648221987,58157.2,0.084,4885.2,1637366464026,true
1648221988,58157.2,0.003,174.47,1637366464026,true
1648221989,58157.2,0.002,116.31,1637366464026,true
1648221990,58157.2,1.365,79384.57,1637366464026,true
1648221991,58157.2,0.001,58.15,1637366464026,true
1648221992,58157.2,0.105,6106.5,1637366464026,true
1648221993,58157.2,0.4,23262.88,1637366464026,true
1648221994,58157.2,0.3,17447.16,1637366464026,true
1648221995,58157.2,0.088,5117.83,1637366464026,true
1648221996,58157.2,0.177,10293.82,1637366464026,true
1648221997,58157.2,0.001,58.15,1637366464026,true
1648221998,58157.2,0.003,174.47,1637366464026,true
1648221999,58157.2,0.4,23262.88,1637366464026,true
1648222000,58157.12,0.032,1861.02,1637366464026,true
1648222001,58157.11,0.101,5873.86,1637366464027,true
1648222002,58157.11,0.001,58.15,1637366464027,true
1648222003,58153.42,0.004,232.61,1637366464027,true
1648222004,58153.11,0.004,232.61,1637366464027,true
1648222005,58153,0.001,58.15,1637366464027,true
1648222006,58152.89,0.003,174.45,1637366464027,true
1648222007,58152.67,0.129,7501.69,1637366464027,true
1648222008,58152.67,0.006,348.91,1637366464027,true
1648222009,58152.67,0.34,19771.9,1637366464027,true
1648222010,58152.67,0.001,58.15,1637366464027,true
1648222011,58157.96,0.009,523.42,1637366464047,true
1648222012,58157.97,0.1,5815.79,1637366464098,false
1648222013,58157.97,0.03,1744.73,1637366464098,false
1648222014,58157.97,0.004,232.63,1637366464197,false
1648222015,58157.97,0.1,5815.79,1637366464217,false
1648222016,58157.97,0.011,639.73,1637366464247,false
1648222017,58157.97,0.133,7735.01,1637366464247,false
1648222018,58157.97,0.012,697.89,1637366464266,false
1648222019,58157.97,0.144,8374.74,1637366464266,false
1648222020,58157.97,0.144,8374.74,1637366464266,false
1648222021,58157.97,0.144,8374.74,1637366464266,false
1648222022,58157.97,0.145,8432.9,1637366464266,false
1648222023,58157.97,0.145,8432.9,1637366464266,false
1648222024,58157.97,0.145,8432.9,1637366464266,false
1648222025,58157.97,0.146,8491.06,1637366464266,false
1648222026,58157.97,0.146,8491.06,1637366464266,false
1648222027,58157.97,0.146,8491.06,1637366464266,false
1648222028,58157.97,0.146,8491.06,1637366464266,false
1648222029,58157.97,0.146,8491.06,1637366464266,false
1648222030,58157.97,0.074,4303.68,1637366464266,false
1648222031,58157.97,0.072,4187.37,1637366464328,false
1648222032,58157.97,0.146,8491.06,1637366464328,false
1648222033,58157.97,0.13,7560.53,1637366464328,false
1648222034,58157.97,0.012,697.89,1637366464399,false
1648222035,58157.97,0.004,232.63,1637366464439,false
1648222036,58157.97,0.025,1453.94,1637366464439,false
1648222037,58157.97,0.01,581.57,1637366464440,false
1648222038,58157.97,0.002,116.31,1637366464539,false
1648222039,58157.96,0.003,174.47,1637366464628,true
1648222040,58157.96,0.008,465.26,1637366464708,true
1648222041,58157.97,0.017,988.68,1637366464723,false
1648222042,58157.97,0.051,2966.05,1637366464775,false
1648222043,58157.97,0.041,2384.47,1637366464899,false
1648222044,58157.97,0.146,8491.06,1637366464899,false
1648222045,58157.97,0.146,8491.06,1637366464899,false
1648222046,58157.97,0.145,8432.9,1637366464899,false
1648222047,58157.97,0.065,3780.26,1637366464899,false
1648222048,58157.97,0.01,581.57,1637366464996,false
1648222049,58157.97,0.033,1919.21,1637366465164,false
1648222050,58157.97,0.01,581.57,1637366465181,false
1648222051,58157.97,0.027,1570.26,1637366465181,false
1648222052,58157.97,0.146,8491.06,1637366465181,false
1648222053,58157.97,0.146,8491.06,1637366465181,false
1648222054,58157.97,0.146,8491.06,1637366465181,false
1648222055,58157.97,0.001,58.15,1637366465181,false
1648222056,58158.27,0.007,407.1,1637366465181,false
1648222057,58158.29,0.012,697.89,1637366465181,false
1648222058,58158.38,0.001,58.15,1637366465181,false
1648222059,58158.63,0.001,58.15,1637366465256,false
1648222060,58158.77,0.001,58.15,1637366465256,false
1648222061,58158.9,0.001,58.15,1637366465256,false
1648222062,58158.9,0.004,232.63,1637366465256,false
1648222063,58159,0.193,11224.68,1637366465256,false
1648222064,58159,0.19,11050.21,1637366465256,false
1648222065,58159.1,0.011,639.75,1637366465256,false
1648222066,58159.3,0.012,697.91,1637366465256,false
1648222067,58159.75,0.046,2675.34,1637366465256,false
1648222068,58159.75,0.123,7153.64,1637366465256,false
1648222069,58160,0.001,58.16,1637366465256,false
1648222070,58160,0.008,465.28,1637366465256,false
1648222071,58160,0.003,174.48,1637366465257,false
1648222072,58160,0.001,58.16,1637366465257,false
1648222073,58160,0.014,814.24,1637366465257,false
1648222074,58160,0.014,814.24,1637366465257,false
1648222075,58160.05,0.005,290.8,1637366465257,false
1648222076,58160.37,0.002,116.32,1637366465257,false
1648222077,58160.85,0.006,348.96,1637366465257,false
1648222078,58161,0.085,4943.68,1637366465257,false
1648222079,58161.56,0.001,58.16,1637366465257,false
1648222080,58161.7,0.003,174.48,1637366465257,false
1648222081,58161.8,0.003,174.48,1637366465257,false
1648222082,58161.94,0.001,58.16,1637366465257,false
1648222083,58162,0.2,11632.4,1637366465257,false
1648222084,58162.5,0.001,58.16,1637366465257,false
1648222085,58162.6,0.001,58.16,1637366465257,false
1648222086,58163,0.008,465.3,1637366465257,false
1648222087,58163.16,0.001,58.16,1637366465257,false
1648222088,58163.26,0.001,58.16,1637366465257,false
1648222089,58163.26,0.001,58.16,1637366465257,false
1648222090,58163.32,0.001,58.16,1637366465257,false
1648222091,58163.47,0.005,290.81,1637366465257,false
1648222092,58164.21,0.068,3955.16,1637366465257,false
1648222093,58164.87,0.002,116.32,1637366465257,false
1648222094,58164.94,0.103,5990.98,1637366465257,false
1648222095,58164.94,0.103,5990.98,1637366465257,false
1648222096,58164.96,0.888,51650.48,1637366465257,false
1648222097,58164.97,0.057,3315.4,1637366465257,false
1648222098,58165,0.071,4129.71,1637366465257,false
1648222099,58165,0.05,2908.25,1637366465257,false
1648222100,58165,0.013,756.14,1637366465257,false
1648222101,58165,0.012,697.98,1637366465257,false
1648222102,58165,0.001,58.16,1637366465257,false
1648222103,58165,0.03,1744.95,1637366465276,false
1648222104,58159.43,0.06,3489.56,1637366465427,false
1648222105,58159.43,0.06,3489.56,1637366465427,false
1648222106,58159.43,0.08,4652.75,1637366465427,false
1648222107,58162.74,0.5,29081.37,1637366465427,false
1648222108,58162.75,0.135,7851.97,1637366465427,false
1648222109,58162.75,0.165,9596.85,1637366465427,false
1648222110,58159.99,0.002,116.31,1637366465459,false
1648222111,58162.72,0.031,1803.04,1637366465533,false
1648222112,58159.99,0.001,58.15,1637366465642,false
1648222113,58159.99,0.015,872.39,1637366465724,false
1648222114,58159.99,0.044,2559.03,1637366465839,false
1648222115,58159.99,0.001,58.15,1637366465839,false
1648222116,58159.99,0.01,581.59,1637366466020,false
1648222117,58162.72,0.077,4478.52,1637366466020,false
1648222118,58162.72,0.005,290.81,1637366466020,false
1648222119,58162.72,0.009,523.46,1637366466020,false
1648222120,58162.72,0.009,523.46,1637366466020,false
1648222121,58162.72,0.4,23265.08,1637366466020,false
1648222122,58164.99,0.289,16809.68,1637366466020,false
1648222123,58164.99,0.008,465.31,1637366466020,false
1648222124,58164.99,0.016,930.63,1637366466020,false
1648222125,58164.99,0.024,1395.95,1637366466020,false
1648222126,58159.98,0.007,407.11,1637366466020,true
1648222127,58159.98,0.079,4594.63,1637366466020,true
1648222128,58159.98,0.001,58.15,1637366466020,true
1648222129,58159.98,0.001,58.15,1637366466020,true
1648222130,58159.98,0.001,58.15,1637366466020,true
1648222131,58158.65,0.146,8491.16,1637366466020,true
1648222132,58158.64,0.5,29079.32,1637366466020,true
1648222133,58158.62,0.001,58.15,1637366466020,true
1648222134,58157.97,0.084,4885.26,1637366466020,true
1648222135,58157.96,0.001,58.15,1637366466020,true
1648222136,58157.96,0.001,58.15,1637366466020,true
1648222137,58157.96,0.001,58.15,1637366466020,true
1648222138,58157.96,0.001,58.15,1637366466020,true
1648222139,58157.96,0.001,58.15,1637366466020,true
1648222140,58157.96,0.002,116.31,1637366466020,true
1648222141,58157.21,0.008,465.25,1637366466020,true
1648222142,58157.11,0.001,58.15,1637366466020,true
1648222143,58156.99,0.004,232.62,1637366466020,true
1648222144,58156.24,0.188,10933.37,1637366466020,true
1648222145,58156.23,0.042,2442.56,1637366466020,true
1648222146,58156.19,0.103,5990.08,1637366466020,true
1648222147,58156.17,0.2,11631.23,1637366466020,true
1648222148,58156.16,0.5,29078.08,1637366466020,true
1648222149,58156.14,1.119,65076.72,1637366466020,true
1648222150,58152.66,0.086,5001.12,1637366466020,true
1648222151,58152.65,0.034,1977.19,1637366466020,true
1648222152,58152.64,0.001,58.15,1637366466020,true
1648222153,58152.14,0.071,4128.8,1637366466020,true
1648222154,58151.46,0.027,1570.08,1637366466020,true
1648222155,58151.46,0.033,1918.99,1637366466020,true
1648222156,58150.8,0.001,58.15,1637366466020,true
1648222157,58150.18,0.331,19247.7,1637366466020,true
1648222158,58150.18,0.026,1511.9,1637366466020,true
1648222159,58156.25,0.007,407.09,1637366466027,true
1648222160,58152.67,0.016,930.44,1637366466258,false
1648222161,58152.67,0.002,116.3,1637366466289,false
1648222162,58152.66,0.139,8083.21,1637366466312,true
1648222163,58152.66,0.232,13491.41,1637366466312,true
1648222164,58152.66,0.172,10002.25,1637366466312,true
1648222165,58152.66,0.001,58.15,1637366466312,true
1648222166,58152.66,0.024,1395.66,1637366466312,true
1648222167,58152.67,0.001,58.15,1637366466323,false
1648222168,58152.67,0.001,58.15,1637366466380,false
1648222169,58152.67,0.021,1221.2,1637366466433,false
1648222170,58152.67,0.022,1279.35,1637366466433,false
1648222171,58152.67,0.049,2849.48,1637366466434,false
