symbol,ts,last_update_id,bp1,bs1,bp2,bs2,bp3,bs3,bp4,bs4,bp5,bs5,bp6,bs6,bp7,bs7,bp8,bs8,bp9,bs9,bp10,bs10,bp11,bs11,bp12,bs12,bp13,bs13,bp14,bs14,bp15,bs15,bp16,bs16,bp17,bs17,bp18,bs18,bp19,bs19,bp20,bs20,ap1,as1,ap2,as2,ap3,as3,ap4,as4,ap5,as5,ap6,as6,ap7,as7,ap8,as8,ap9,as9,ap10,as10,ap11,as11,ap12,as12,ap13,as13,ap14,as14,ap15,as15,ap16,as16,ap17,as17,ap18,as18,ap19,as19,ap20,as20
BTCUSDT,1637366400199,951870263100,58072.68,1.964,58072.61,0.113,58072.42,0.682,58069.52,0.006,58069.51,1.596,58069.5,0.004,58068.34,0.198,58068.33,1,58067.53,0.015,58066.84,0.042,58066.12,0.127,58066.01,0.355,58066,0.996,58065.91,0.442,58064.87,0.104,58064.78,0.213,58063.7,0.06,58063.69,0.071,58063.62,0.004,58063.39,0.453,58072.69,3.166,58074.62,0.001,58074.63,0.06,58074.9,0.008,58075.44,0.072,58075.45,0.042,58075.49,0.094,58075.6,0.001,58075.73,0.5,58075.74,0.419,58075.75,0.5,58077.43,0.2,58077.98,0.008,58078,0.127,58079.35,0.172,58080.28,0.301,58080.31,0.086,58080.32,0.779,58080.33,2,58081.14,0.071
BTCUSDT,1637366400957,951870525026,58072.68,1.964,58072.61,0.113,58072.42,0.682,58069.52,0.006,58069.51,1.596,58069.5,0.004,58068.34,0.198,58068.33,1,58067.53,0.015,58066.84,0.042,58066.12,0.127,58066.01,0.355,58066,0.996,58065.91,0.442,58064.87,0.104,58064.78,0.213,58063.7,0.06,58063.69,0.071,58063.62,0.004,58063.39,0.453,58072.69,3.166,58074.62,0.001,58074.63,0.06,58074.9,0.008,58075.44,0.072,58075.45,0.042,58075.49,0.094,58075.6,0.001,58075.73,0.5,58075.74,0.419,58075.75,0.5,58077.43,0.2,58077.98,0.008,58078,0.127,58079.35,0.172,58080.28,0.301,58080.31,0.086,58080.32,0.779,58080.33,2,58081.14,0.071
BTCUSDT,1637366401303,951870702860,58072.68,1.964,58072.61,0.113,58072.42,0.682,58069.52,0.006,58069.51,1.596,58069.5,0.004,58068.33,1,58067.53,0.015,58066.84,0.042,58066.12,0.127,58066.01,0.355,58066,0.996,58065.91,0.442,58064.87,0.104,58064.78,0.213,58063.7,0.06,58063.69,0.071,58063.62,0.004,58063.39,0.453,58063.22,0.086,58072.69,3.166,58074.62,0.001,58074.63,0.06,58074.9,0.008,58075.44,0.072,58075.49,0.094,58075.6,0.001,58075.73,0.5,58075.74,0.419,58077.43,0.2,58077.98,0.008,58078,0.127,58079.35,0.172,58080.26,0.042,58080.28,0.301,58080.31,0.086,58080.32,0.779,58080.33,2,58081.14,0.071,58082.5,0.252
BTCUSDT,1637366401675,951870910088,58072.68,1.964,58072.61,0.113,58072.42,0.682,58069.52,0.006,58069.51,1.596,58069.5,0.004,58068.33,1,58067.53,0.015,58066.84,0.042,58066.12,0.127,58066.02,0.198,58066.01,0.355,58066,0.996,58065.91,0.442,58064.87,0.104,58064.78,0.213,58063.7,0.06,58063.69,0.071,58063.62,0.004,58063.39,0.453,58072.69,3.166,58074.62,0.001,58074.63,0.06,58074.9,0.008,58075.44,0.072,58075.49,0.094,58075.6,0.001,58075.73,0.5,58075.74,0.419,58077.43,0.2,58077.98,0.008,58078,0.127,58079.35,0.172,58080.26,0.042,58080.28,0.301,58080.31,0.086,58080.32,0.779,58080.33,2,58081.14,0.071,58082.5,0.252
BTCUSDT,1637366402003,951871074402,58072.68,1.829,58072.61,0.113,58072.42,0.682,58069.52,0.006,58069.51,1.596,58069.5,0.004,58068.33,1,58067.53,0.015,58066.84,0.042,58066.12,0.127,58066.02,0.221,58066.01,0.355,58066,0.996,58065.91,0.442,58064.87,0.104,58064.78,0.213,58063.7,0.06,58063.69,0.071,58063.62,0.004,58063.39,0.453,58072.69,3.166,58074.62,0.001,58074.63,0.06,58074.9,0.008,58075.44,0.072,58075.49,0.094,58075.6,0.001,58075.73,0.5,58075.74,0.419,58077.42,0.2,58077.43,0.2,58077.98,0.008,58078,0.127,58079.35,0.172,58080.26,0.042,58080.28,0.301,58080.32,0.779,58080.33,2,58081.14,0.071,58082.5,0.252
BTCUSDT,1637366402183,951871163951,58072.68,1.826,58072.61,0.113,58072.42,0.682,58069.51,1.584,58069.5,0.004,58068.33,1,58067.53,0.015,58066.84,0.042,58066.12,0.127,58066.02,0.221,58066.01,0.355,58066,0.996,58065.91,0.442,58064.87,0.104,58064.78,0.213,58063.7,0.06,58063.69,0.071,58063.62,0.004,58063.39,0.453,58063.22,0.086,58072.69,3.15,58074.62,0.001,58074.63,0.06,58074.9,0.008,58075.44,0.072,58075.49,0.094,58075.6,0.001,58075.73,0.5,58075.74,0.419,58077.42,0.2,58077.43,0.2,58077.98,0.008,58078,0.127,58079.35,0.172,58080.15,0.514,58080.26,0.042,58080.28,0.301,58080.32,0.779,58080.33,2,58081.14,0.071
BTCUSDT,1637366402648,951871374979,58072.68,1.826,58072.61,0.113,58072.42,0.682,58069.51,1.584,58069.5,0.004,58068.33,1,58067.53,0.015,58066.84,0.042,58066.12,0.127,58066.02,0.221,58066.01,0.355,58066,0.996,58065.91,0.442,58064.87,0.104,58064.78,0.213,58063.7,0.06,58063.69,0.071,58063.62,0.004,58063.39,0.453,58063.22,0.086,58072.69,3.15,58074.62,0.001,58074.63,0.06,58074.9,0.008,58075.44,0.072,58075.49,0.094,58075.6,0.001,58075.73,0.5,58075.74,0.419,58077.42,0.2,58077.43,0.2,58077.98,0.008,58078,0.127,58079.35,0.172,58080.15,0.514,58080.25,0.004,58080.26,0.042,58080.28,0.301,58080.32,0.779,58080.33,2
BTCUSDT,1637366402833,951871458888,58072.68,1.826,58072.61,0.113,58072.42,0.682,58069.51,1.584,58069.5,0.004,58068.33,1,58067.53,0.015,58066.84,0.042,58066.12,0.127,58066.02,0.221,58066.01,0.355,58066,0.996,58065.91,0.442,58064.87,0.104,58064.78,0.213,58063.7,0.06,58063.69,0.071,58063.62,0.004,58063.39,0.453,58063.22,0.086,58072.69,3.15,58074.62,0.001,58074.63,0.06,58074.9,0.008,58075.44,0.072,58075.49,0.094,58075.6,0.001,58075.73,0.5,58075.74,0.419,58077.42,0.2,58077.43,0.2,58077.98,0.008,58078,0.127,58079.35,0.172,58080.15,0.514,58080.25,0.004,58080.26,0.042,58080.28,0.301,58080.32,0.779,58080.33,2
BTCUSDT,1637366403231,951871630152,58072.68,1.826,58072.61,0.113,58072.42,0.682,58069.51,1.584,58069.5,0.004,58068.33,1,58067.53,0.015,58066.84,0.042,58066.12,0.127,58066.02,0.221,58066.01,0.355,58066,0.996,58065.91,0.442,58064.87,0.104,58064.78,0.213,58063.7,0.06,58063.69,0.071,58063.62,0.004,58063.39,0.453,58063.22,0.086,58072.69,3.15,58074.62,0.001,58074.63,0.06,58074.9,0.008,58075.44,0.072,58075.6,0.001,58075.73,0.5,58075.74,0.419,58077.42,0.2,58077.43,0.2,58077.98,0.008,58078,0.127,58079.35,0.172,58080.15,0.514,58080.25,0.004,58080.26,0.042,58080.28,0.301,58080.32,0.779,58080.33,2,58081.14,0.071
BTCUSDT,1637366403447,951871716996,58072.68,1.826,58072.61,0.113,58072.42,0.682,58069.51,1.584,58069.5,0.004,58068.33,1,58067.53,0.015,58066.84,0.042,58066.12,0.127,58066.02,0.221,58066.01,0.355,58066,0.996,58065.91,0.442,58064.87,0.104,58064.78,0.213,58063.7,0.06,58063.69,0.071,58063.62,0.004,58063.39,0.453,58063.22,0.086,58072.69,3.15,58074.63,0.06,58074.9,0.008,58075.44,0.072,58075.6,0.001,58075.73,0.5,58075.74,0.419,58077.42,0.2,58077.43,0.2,58077.98,0.008,58078,0.127,58079.35,0.172,58080.15,0.514,58080.25,0.004,58080.26,0.042,58080.28,0.301,58080.32,0.779,58080.33,2,58081.14,0.071,58082.5,0.252
BTCUSDT,1637366403519,951871749191,58072.68,1.826,58072.61,0.113,58072.42,0.682,58069.51,1.584,58069.5,0.004,58068.33,1,58067.53,0.015,58066.84,0.042,58066.12,0.127,58066.02,0.221,58066.01,0.353,58066,0.996,58065.91,0.442,58064.87,0.104,58064.78,0.213,58063.7,0.06,58063.69,0.071,58063.62,0.004,58063.39,0.453,58063.22,0.086,58072.69,3.15,58074.63,0.06,58074.9,0.008,58075.44,0.072,58075.6,0.001,58075.73,0.5,58075.74,0.419,58077.42,0.2,58077.43,0.2,58077.98,0.008,58078,0.127,58079.35,0.172,58080.15,0.514,58080.25,0.004,58080.26,0.042,58080.28,0.301,58080.32,0.779,58080.33,2,58081.14,0.071,58082.5,0.252
BTCUSDT,1637366404109,951871992476,58072.68,1.826,58072.61,0.113,58072.42,0.682,58069.51,1.584,58069.5,0.004,58068.33,1,58067.53,0.015,58066.84,0.042,58066.12,0.127,58066.02,0.023,58066.01,0.353,58066,0.996,58065.91,0.442,58064.87,0.104,58064.78,0.213,58063.7,0.06,58063.69,0.071,58063.62,0.004,58063.39,0.453,58063.22,0.086,58072.69,3.15,58074.63,0.06,58074.9,0.008,58075.44,0.072,58075.6,0.001,58075.73,0.5,58075.74,0.419,58077.42,0.2,58077.43,0.2,58077.98,0.008,58078,0.127,58079.35,0.172,58080.15,0.514,58080.25,0.004,58080.26,0.042,58080.28,0.301,58080.31,0.103,58080.32,0.779,58080.33,2,58081.14,0.071
BTCUSDT,1637366406678,951872078605,58072.68,0.408,58072.62,0.001,58071.34,0.015,58069.52,0.559,58069.51,0.017,58069.5,0.901,58068.34,0.198,58068.33,1,58067.54,0.06,58067.4,0.024,58066.85,0.086,58066.12,0.127,58066.02,0.023,58066,0.996,58064.08,0.164,58063.7,0.06,58063.69,0.071,58063.22,0.086,58062.94,0.474,58062.78,0.173,58072.69,0.617,58074.68,0.06,58074.9,0.008,58075.6,0.001,58075.69,4.185,58076.71,0.173,58077.28,0.004,58078,0.127,58078.76,0.76,58079.35,0.172,58079.5,0.002,58080.25,1.128,58080.26,0.042,58080.28,0.301,58080.31,0.103,58080.33,2,58081.14,0.071,58081.43,0.034,58082.25,0.236,58082.29,0.483
BTCUSDT,1637366416660,951872205901,58077.12,0.363,58073.03,0.034,58073,1.404,58072.69,0.042,58072.68,1.658,58072.64,0.312,58072.55,0.001,58072.51,0.835,58069.52,0.45,58069.5,0.009,58068.27,1,58067.72,0.173,58066.84,0.006,58066.22,0.004,58066.12,0.127,58066,0.996,58065.01,1,58063.7,0.06,58063.69,0.071,58062.94,0.474,58077.33,0.09,58078,0.027,58078.58,0.06,58078.76,1.507,58079.35,0.172,58079.5,0.002,58080.25,1.134,58080.28,0.301,58080.3,0.08,58080.32,0.103,58081.14,0.071,58081.43,0.034,58082.14,0.173,58082.25,0.236,58082.29,0.483,58082.5,0.002,58082.65,0.008,58082.83,0.796,58082.86,0.001,58083,0.361
BTCUSDT,1637366418863,951872323220,58073,0.115,58072.69,0.042,58072.68,0.38,58072.64,0.312,58072.51,0.835,58071.63,0.007,58071.01,0.086,58069.52,0.45,58069.51,0.085,58069.5,0.009,58066.84,0.006,58066.7,0.001,58066.12,0.127,58064.72,0.016,58064.7,0.173,58063.8,0.001,58063.69,0.071,58062.94,0.474,58062.45,1,58060.9,0.001,58073.01,2.047,58073.02,0.3,58073.09,0.18,58073.15,3.9,58073.16,0.492,58073.18,0.001,58074.78,0.5,58075.39,0.485,58077.05,0.004,58077.89,0.086,58078.67,0.06,58078.68,0.042,58078.71,0.103,58078.72,0.103,58078.73,2,58078.74,0.558,58078.76,0.76,58078.88,0.173,58079.34,0.086,58079.35,0.172
BTCUSDT,1637366419009,951872329801,58072.68,0.586,58072.64,0.312,58072.51,0.835,58071.01,0.086,58069.81,0.007,58069.52,0.45,58069.51,0.085,58069.5,0.009,58066.84,0.006,58066.7,0.001,58064.7,0.173,58063.8,0.001,58063.69,0.071,58062.95,0.06,58062.94,0.474,58061.19,1,58060.9,0.001,58060.85,0.086,58059.25,0.002,58059.24,0.507,58072.69,1.756,58072.7,0.739,58072.86,0.094,58073,3.851,58073.01,1.492,58073.15,3.48,58075.39,0.485,58077.04,0.086,58077.05,0.004,58077.89,0.086,58078.31,0.133,58078.66,0.005,58078.67,0.06,58078.68,0.042,58078.72,0.103,58078.73,2,58078.74,0.558,58078.75,0.002,58078.76,0.76,58078.88,0.173
BTCUSDT,1637366420265,951872374409,58072.68,0.263,58072.64,0.312,58072.51,0.835,58071.01,0.086,58069.81,0.007,58069.52,0.45,58069.51,0.085,58069.5,0.009,58068.45,0.173,58068.32,0.164,58067.49,0.004,58067.1,1,58066.84,0.006,58066.8,0.873,58066.78,0.108,58066.7,0.001,58064.71,0.06,58064.55,0.043,58064.11,1,58063.86,0.367,58072.69,1.352,58072.7,0.3,58078.3,0.042,58078.34,0.2,58078.36,0.2,58078.4,0.103,58078.44,0.087,58078.46,0.372,58078.49,0.447,58078.5,0.071,58078.74,0.558,58078.76,1.541,58078.88,0.173,58079.34,0.086,58079.35,0.172,58079.5,0.002,58080.98,0.314,58081.42,0.06,58082.24,0.006,58082.25,0.236
BTCUSDT,1637366420286,951872375105,58072.68,0.263,58072.64,0.312,58072.51,0.835,58071.01,0.086,58069.81,0.007,58069.52,0.45,58069.51,0.085,58069.5,0.009,58068.45,0.173,58068.32,0.164,58067.1,1,58066.84,0.006,58066.8,0.873,58066.78,0.108,58066.7,0.001,58064.71,0.06,58064.55,0.043,58064.11,1,58063.86,0.367,58063.8,0.001,58072.69,1.352,58072.7,0.3,58078.3,0.042,58078.34,0.2,58078.36,0.2,58078.4,0.103,58078.44,0.087,58078.46,0.372,58078.49,0.447,58078.5,0.071,58078.74,0.558,58078.76,1.541,58078.88,0.173,58079.34,0.086,58079.35,0.172,58079.5,0.002,58080.98,0.314,58081.42,0.06,58082.24,0.006,58082.25,0.236
BTCUSDT,1637366421371,951872409906,58072.68,1.9,58071.01,0.086,58070.32,0.006,58069.81,0.015,58069.52,0.45,58069.51,0.085,58069.5,0.009,58068.45,0.173,58068.32,0.164,58067.1,1,58066.84,0.006,58066.8,0.873,58066.78,0.108,58066.7,0.001,58065.83,0.614,58064.71,0.06,58064.12,0.086,58064.11,1,58063.86,0.367,58063.8,0.001,58072.69,0.963,58076.98,0.305,58076.99,0.134,58078.3,0.042,58078.4,0.103,58078.5,0.072,58078.59,0.004,58078.6,0.287,58078.62,0.103,58078.74,0.558,58078.76,1.541,58079.22,0.035,58079.34,0.086,58079.35,0.172,58079.5,0.002,58079.78,0.47,58080.98,0.314,58081.42,0.06,58081.54,0.173,58082.24,0.006
BTCUSDT,1637366421379,951872410329,58072.68,1.9,58071.01,0.086,58070.32,0.006,58069.81,0.015,58069.52,0.45,58069.51,0.085,58069.5,0.009,58068.45,0.173,58068.32,0.164,58067.1,1,58066.84,0.006,58066.8,0.873,58066.78,0.108,58066.7,0.001,58065.83,0.614,58064.71,0.06,58064.12,0.086,58064.11,1,58063.86,0.367,58063.8,0.001,58072.69,0.963,58076.98,0.305,58076.99,0.134,58078.3,0.042,58078.4,0.103,58078.5,0.072,58078.59,0.004,58078.6,0.287,58078.62,0.103,58078.74,0.558,58078.76,1.541,58079.22,0.035,58079.34,0.086,58079.35,0.172,58079.5,0.002,58079.78,0.47,58080.98,0.314,58081.42,0.06,58081.54,0.173,58082.24,0.006
BTCUSDT,1637366422463,951872446586,58074.1,0.639,58074.09,0.38,58072.68,0.834,58072.28,0.007,58071.01,0.086,58070.42,0.173,58070.2,0.004,58070.09,0.016,58070.08,0.351,58070.07,1,58069.52,0.45,58069.5,0.009,58068.46,0.06,58068.32,0.164,58067.1,1,58066.85,0.086,58066.84,0.006,58066.8,0.873,58066.78,0.108,58066.7,0.001,58074.11,0.159,58076.83,0.146,58076.84,0.042,58076.86,0.5,58076.87,0.342,58076.92,0.5,58076.98,0.306,58078.5,0.001,58078.7,0.004,58078.74,0.558,58078.76,0.76,58079.22,0.035,58079.35,0.172,58079.5,0.002,58079.92,0.071,58082.25,0.236,58082.5,0.002,58082.65,0.008,58082.82,0.103,58082.83,0.796
BTCUSDT,1637366422499,951872447864,58074.1,0.639,58074.09,0.38,58072.68,0.834,58072.28,0.007,58071.34,0.015,58071.01,0.086,58070.42,0.173,58070.09,0.016,58070.08,0.351,58070.07,1,58069.52,0.45,58069.5,0.009,58068.46,0.06,58068.32,0.164,58067.1,1,58066.85,0.086,58066.84,0.006,58066.8,0.873,58066.78,0.108,58066.7,0.001,58074.11,0.159,58076.83,0.146,58076.84,0.042,58076.86,0.5,58076.87,0.342,58076.92,0.5,58076.98,0.306,58078.5,0.001,58078.7,0.004,58078.74,0.558,58078.76,0.76,58079.22,0.035,58079.35,0.172,58079.5,0.002,58079.92,0.071,58082.25,0.236,58082.5,0.002,58082.65,0.008,58082.82,0.103,58082.83,0.796
BTCUSDT,1637366423580,951872482380,58074.1,1.365,58074.09,0.38,58072.69,0.002,58072.68,1.883,58072.28,0.007,58071.01,0.086,58070.09,0.016,58070.08,0.351,58070.07,1.004,58069.52,0.45,58069.5,0.009,58069.32,0.136,58068.34,0.086,58068.33,0.06,58068.32,0.164,58067.86,0.173,58067.23,0.086,58067.1,1,58066.84,0.006,58066.8,0.873,58074.11,0.881,58078.41,0.004,58078.5,0.001,58078.66,0.042,58078.67,0.2,58078.73,0.386,58078.74,0.558,58078.76,0.76,58078.97,0.173,58079.16,0.106,58079.22,0.035,58079.35,0.172,58079.5,0.002,58079.92,0.071,58082.25,0.236,58082.42,0.298,58082.5,0.002,58082.65,0.008,58082.83,0.796,58082.86,0.001
BTCUSDT,1637366424677,951872518057,58074.1,1.42,58074.09,0.38,58073.3,1,58072.69,0.002,58072.68,1.88,58072.39,0.006,58071.01,0.086,58070.08,0.351,58070.07,1,58069.67,0.004,58069.52,0.45,58069.5,0.009,58069.32,0.136,58068.36,0.016,58068.34,0.086,58068.33,0.06,58068.32,0.164,58067.86,0.173,58067.23,0.086,58067.1,1,58074.11,0.333,58078.5,0.001,58078.55,0.004,58078.56,0.261,58078.57,0.042,58078.65,0.7,58078.71,0.5,58078.73,0.386,58078.74,0.558,58078.76,0.76,58078.97,0.173,58079.16,0.106,58079.22,0.035,58079.35,0.172,58079.5,0.002,58079.92,0.071,58082.25,0.236,58082.42,0.298,58082.5,0.002,58082.65,0.008
BTCUSDT,1637366425768,951872550707,58074.1,0.802,58074.09,0.38,58073.08,0.007,58072.69,0.002,58072.68,1.88,58071.01,0.086,58069.52,0.45,58069.5,0.009,58069.32,0.136,58068.32,0.164,58067.87,0.06,58067.86,0.173,58067.14,0.003,58067.11,0.016,58067.1,1,58066.84,0.006,58066.8,0.873,58066.78,0.108,58066.7,0.001,58065.84,0.086,58074.11,0.112,58077.03,0.004,58077.04,0.039,58077.1,0.007,58077.11,0.196,58077.18,0.5,58077.23,0.378,58077.24,0.326,58077.31,0.5,58078.5,0.001,58078.74,0.558,58078.76,0.76,58078.97,0.173,58079.22,0.035,58079.35,0.172,58079.5,0.002,58079.92,0.071,58082.49,0.086,58082.5,0.002,58082.65,0.008
BTCUSDT,1637366425784,951872551173,58074.1,0.803,58074.09,0.38,58073.08,0.007,58072.69,0.002,58072.68,1.88,58071.01,0.086,58069.52,0.45,58069.5,0.009,58069.32,0.136,58068.32,0.164,58067.87,0.06,58067.86,0.173,58067.14,0.003,58067.11,0.016,58067.1,1,58066.84,0.006,58066.8,0.873,58066.78,0.108,58066.7,0.001,58065.84,0.086,58074.11,0.112,58077.03,0.004,58077.04,0.039,58077.1,0.007,58077.11,0.196,58077.18,0.5,58077.23,0.378,58077.24,0.326,58077.31,0.5,58078.5,0.001,58078.74,0.558,58078.76,0.76,58078.97,0.173,58079.22,0.035,58079.35,0.172,58079.5,0.002,58079.92,0.071,58082.49,0.086,58082.5,0.002,58082.65,0.008
BTCUSDT,1637366426868,951872582279,58078.49,1.301,58078.34,1,58077.86,0.861,58077.37,0.011,58077.22,0.86,58077.03,0.4,58077.02,0.329,58075.86,0.113,58075.39,0.007,58075.24,0.086,58075.23,0.028,58075.2,0.004,58075.18,0.135,58075.13,1,58074.8,0.06,58074.26,0.086,58074.12,0.537,58074.1,0.777,58074.09,0.003,58072.7,0.076,58078.5,0.001,58078.76,0.76,58078.96,0.296,58078.97,0.173,58079.22,0.035,58079.35,0.172,58079.5,0.002,58079.92,0.071,58082.5,0.002,58082.65,0.008,58082.74,0.014,58082.8,0.309,58082.86,0.001,58083,0.361,58083.2,0.499,58083.86,0.007,58084.06,0.008,58084.4,0.47,58084.74,0.35,58085.03,0.001
BTCUSDT,1637366426892,951872582959,58078.49,1.301,58078.34,1,58077.86,0.861,58077.37,0.011,58077.22,0.86,58077.04,0.086,58077.03,0.4,58077.02,0.329,58075.86,0.113,58075.39,0.007,58075.24,0.086,58075.23,0.028,58075.2,0.004,58075.18,0.135,58075.13,1,58074.8,0.06,58074.26,0.086,58074.13,0.016,58074.12,0.537,58074.1,0.776,58078.5,0.001,58078.76,0.76,58078.97,0.173,58079.22,0.035,58079.35,0.172,58079.5,0.002,58079.92,0.071,58082.5,0.002,58082.65,0.008,58082.74,0.014,58082.79,0.312,58082.86,0.001,58083,0.361,58083.2,0.499,58083.86,0.007,58084.06,0.008,58084.4,0.47,58084.74,0.35,58085.03,0.001,58085.94,0.001
BTCUSDT,1637366427977,951872612328,58078.49,2.948,58077.22,0.379,58075.62,0.007,58075.6,0.003,58075.23,0.028,58075.18,0.135,58075.13,1,58074.13,0.086,58074.12,0.537,58074.1,0.773,58074.09,0.003,58072.7,0.06,58072.69,0.002,58072.68,1.1,58072.38,0.239,58071.34,1,58071.21,0.071,58071.02,0.45,58071.01,0.086,58069.5,0.047,58078.5,1.678,58078.76,0.76,58078.97,0.173,58079.22,0.035,58079.35,0.172,58079.5,0.002,58079.92,0.071,58080.65,0.124,58082.5,0.002,58082.65,0.008,58082.86,0.001,58083,0.361,58083.2,0.499,58083.86,0.007,58084.06,0.008,58084.38,0.19,58084.4,0.47,58084.74,0.35,58085.03,0.001,58085.94,0.001
BTCUSDT,1637366429067,951872648224,58078.49,2.48,58077.23,0.008,58077.22,0.379,58075.62,0.007,58075.23,0.028,58075.18,0.135,58075.13,1,58074.12,0.537,58074.11,0.694,58074.1,0.773,58074.09,0.003,58072.71,0.086,58072.7,0.06,58072.69,0.002,58072.68,1.087,58072.38,0.239,58071.87,0.428,58071.34,1,58071.21,0.071,58071.02,0.45,58078.5,0.985,58078.76,0.76,58078.97,0.173,58079.22,0.035,58079.35,0.172,58079.5,0.002,58079.92,0.071,58080.65,0.124,58082.5,0.002,58082.65,0.008,58082.86,0.001,58083,0.361,58083.2,0.499,58083.86,0.007,58084.06,0.008,58084.36,0.087,58084.38,0.103,58084.74,0.35,58085.03,0.001,58085.18,0.06
BTCUSDT,1637366429099,951872649456,58078.49,2.48,58077.23,0.008,58077.22,0.379,58075.62,0.007,58075.23,0.028,58075.18,0.135,58075.13,1,58074.12,0.537,58074.11,0.694,58074.1,0.773,58074.09,0.003,58072.71,0.086,58072.7,0.06,58072.69,0.002,58072.68,1.087,58072.38,0.239,58071.87,0.428,58071.34,1,58071.21,0.071,58071.02,0.45,58078.5,0.985,58078.76,0.76,58078.97,0.173,58079.22,0.035,58079.35,0.172,58079.5,0.002,58079.92,0.071,58080.65,0.124,58082.5,0.002,58082.65,0.008,58082.86,0.001,58083,0.361,58083.2,0.499,58083.86,0.007,58084.06,0.008,58084.36,0.087,58084.38,0.103,58084.74,0.35,58085.03,0.001,58085.18,0.06
BTCUSDT,1637366430164,951872679851,58078.49,2.215,58077.24,0.001,58077.23,0.008,58077.22,0.379,58075.66,0.015,58075.62,0.007,58075.18,0.135,58074.4,0.028,58074.34,1,58074.11,0.694,58074.1,0.773,58074.09,0.003,58073.01,0.005,58072.69,0.002,58072.68,1.085,58071.87,0.428,58071.34,1,58071.21,0.071,58071.02,0.45,58071.01,0.086,58078.5,1.23,58078.76,0.76,58078.97,0.173,58079.22,0.035,58079.35,0.172,58079.5,0.002,58079.92,0.071,58080.65,0.124,58082.5,0.002,58082.65,0.008,58082.86,0.001,58083,0.361,58083.2,0.499,58083.75,0.087,58083.77,0.474,58083.86,0.007,58084.06,0.008,58084.38,0.103,58084.74,0.35,58085.03,0.001
BTCUSDT,1637366430198,951872680842,58078.49,2.459,58077.24,0.001,58077.23,0.008,58077.22,0.379,58075.66,0.015,58075.62,0.007,58075.18,0.135,58074.4,0.028,58074.34,1,58074.11,0.694,58074.1,0.773,58074.09,0.003,58073.3,0.004,58073.12,0.004,58073.01,0.005,58072.69,0.002,58072.68,1.085,58071.87,0.428,58071.34,1,58071.21,0.071,58078.5,1.211,58078.76,0.76,58078.97,0.173,58079.22,0.035,58079.35,0.172,58079.5,0.002,58079.92,0.071,58080.65,0.124,58082.5,0.002,58082.65,0.008,58082.86,0.001,58083,0.361,58083.2,0.499,58083.75,0.087,58083.77,0.474,58083.86,0.007,58084.06,0.008,58084.38,0.103,58084.74,0.35,58085.03,0.001
BTCUSDT,1637366431263,951872712126,58078.49,3.705,58077.33,1,58077.24,0.001,58077.23,0.008,58077.22,0.379,58075.66,0.936,58075.62,0.007,58075.18,0.135,58074.4,0.028,58074.34,0.086,58074.33,0.004,58074.32,0.353,58074.31,1,58074.13,0.016,58074.11,0.694,58074.1,0.773,58074.09,0.003,58073.02,0.06,58073.01,0.005,58072.7,0.086,58078.5,0.154,58078.97,0.173,58079.22,0.035,58079.35,0.172,58079.5,0.002,58079.92,0.071,58080.65,0.124,58082.5,0.002,58082.65,0.008,58082.86,0.001,58082.99,0.439,58083,0.361,58083.2,0.499,58083.86,0.007,58084.06,0.008,58084.73,0.2,58084.74,0.35,58085.03,0.001,58085.18,0.06,58085.94,0.001
BTCUSDT,1637366431283,951872712700,58078.49,3.885,58077.33,1,58077.24,0.001,58077.23,0.008,58077.22,0.379,58075.66,0.936,58075.62,0.007,58075.18,0.135,58074.4,0.028,58074.34,0.086,58074.33,0.004,58074.32,0.353,58074.31,1,58074.13,0.016,58074.11,0.694,58074.1,0.003,58074.09,0.003,58073.76,0.004,58073.02,0.06,58073.01,0.005,58078.5,0.154,58078.97,0.173,58079.22,0.035,58079.35,0.172,58079.5,0.002,58079.92,0.071,58080.65,0.124,58082.5,0.002,58082.65,0.008,58082.86,0.001,58082.93,0.014,58082.98,0.4,58082.99,0.239,58083,0.361,58083.2,0.499,58083.86,0.007,58084.06,0.008,58084.74,0.35,58085.03,0.001,58085.18,0.06
BTCUSDT,1637366432369,951872746636,58078.49,4.568,58077.33,1,58077.24,0.001,58077.23,0.008,58077.22,0.002,58075.84,0.007,58075.71,0.015,58075.18,0.135,58074.4,0.028,58074.31,1,58074.11,0.694,58074.1,0.003,58074.09,0.003,58073.01,0.005,58072.71,0.06,58072.7,0.016,58072.69,0.067,58072.68,1.139,58071.87,0.428,58071.02,0.45,58078.5,1.132,58078.97,0.173,58079.22,0.035,58079.35,0.172,58079.5,0.002,58079.92,0.071,58080.65,0.124,58082.5,0.002,58082.65,0.008,58082.86,0.001,58082.93,0.014,58082.97,0.285,58083,0.361,58083.2,0.499,58083.86,0.007,58084.06,0.008,58084.74,0.35,58085.03,0.001,58085.18,0.06,58085.94,0.001
BTCUSDT,1637366432398,951872747438,58078.49,4.568,58077.33,1,58077.24,0.001,58077.23,0.008,58077.22,0.002,58075.84,0.007,58075.71,0.015,58075.18,0.135,58074.4,0.028,58074.31,1,58074.11,0.694,58074.1,0.003,58074.09,0.003,58073.01,0.005,58072.71,0.06,58072.7,0.016,58072.69,0.067,58072.68,1.139,58071.87,0.428,58071.02,0.45,58078.5,1.106,58078.97,0.173,58079.22,0.035,58079.35,0.172,58079.5,0.002,58079.92,0.071,58080.65,0.124,58082.5,0.002,58082.65,0.008,58082.86,0.001,58082.93,0.014,58082.97,0.285,58083,0.361,58083.2,0.499,58083.86,0.007,58084.06,0.008,58084.74,0.35,58085.03,0.001,58085.18,0.06,58085.94,0.001
BTCUSDT,1637366433459,951872775182,58078.49,2.308,58077.24,0.001,58077.23,0.008,58077.22,0.002,58075.84,0.007,58075.67,0.015,58075.18,0.135,58074.4,0.028,58074.15,0.038,58074.11,0.694,58074.1,0.003,58073.01,0.005,58072.7,0.016,58072.69,0.067,58072.68,1.128,58071.87,0.428,58071.02,0.45,58070.27,0.06,58070.26,0.482,58069.51,0.086,58078.5,1.123,58078.97,0.173,58079.22,0.035,58079.35,0.172,58079.5,0.002,58079.92,0.071,58080.65,0.124,58082.5,0.002,58082.65,0.008,58082.86,0.001,58082.88,0.014,58082.95,0.2,58082.97,0.285,58083,0.361,58083.2,0.499,58083.86,0.007,58084.06,0.008,58084.66,0.103,58084.67,0.829,58084.68,2
BTCUSDT,1637366433484,951872775693,58078.49,2.308,58077.24,0.001,58077.23,0.008,58077.22,0.002,58075.84,0.007,58075.67,0.015,58075.18,0.135,58074.4,0.028,58074.15,0.038,58074.11,0.694,58074.1,0.003,58073.01,0.005,58072.7,0.016,58072.69,0.067,58072.68,1.128,58071.87,0.428,58071.02,0.45,58070.27,0.06,58070.26,0.482,58069.51,0.086,58078.5,1.123,58078.97,0.173,58079.22,0.035,58079.35,0.172,58079.5,0.002,58079.92,0.071,58080.65,0.124,58082.5,0.002,58082.65,0.008,58082.86,0.001,58082.88,0.014,58082.96,0.4,58082.97,0.285,58083,0.361,58083.2,0.499,58083.86,0.007,58084.06,0.008,58084.66,0.103,58084.67,0.829,58084.68,2
BTCUSDT,1637366434583,951872801475,58078.49,4.068,58077.24,0.001,58077.23,0.008,58077.22,0.002,58075.84,0.007,58075.18,0.135,58074.42,0.042,58074.4,0.028,58074.18,0.607,58074.17,1,58074.15,0.038,58074.11,0.694,58074.1,0.003,58073.01,0.005,58072.69,0.067,58072.68,1.128,58071.87,0.428,58070.28,0.086,58070.27,0.06,58070.26,0.482,58078.5,1.113,58079.22,0.035,58079.35,0.172,58079.5,0.002,58081.62,0.173,58082.5,0.002,58082.86,0.001,58082.88,0.014,58082.97,0.285,58082.98,0.087,58083,0.361,58083.2,0.499,58083.86,0.007,58084.06,0.008,58085.03,0.001,58085.94,0.001,58086.27,0.103,58086.28,0.701,58086.29,2,58086.99,0.086
BTCUSDT,1637366434596,951872801697,58078.49,4.068,58077.24,0.001,58077.23,0.008,58077.22,0.002,58075.84,0.007,58075.18,0.135,58074.42,0.042,58074.4,0.028,58074.18,0.607,58074.17,1,58074.15,0.038,58074.11,0.694,58074.1,0.003,58073.01,0.005,58072.69,0.067,58072.68,1.128,58071.87,0.428,58070.28,0.086,58070.27,0.06,58070.26,0.482,58078.5,1.113,58079.22,0.035,58079.35,0.172,58079.5,0.002,58081.62,0.173,58082.5,0.002,58082.86,0.001,58082.88,0.014,58082.97,0.285,58082.98,0.087,58083,0.361,58083.2,0.499,58083.86,0.007,58084.06,0.008,58085.03,0.001,58085.94,0.001,58086.27,0.103,58086.28,0.701,58086.29,2,58086.99,0.086
BTCUSDT,1637366435656,951872839163,58087.87,0.103,58087.72,1,58087.39,0.806,58086.98,1.917,58085.94,0.06,58085.93,0.131,58085.76,1.405,58085.03,0.12,58085.02,3.535,58084.72,0.3,58084.06,1.397,58084.05,3.111,58083.9,0.028,58083.89,0.969,58083.86,0.12,58083.85,2.949,58083.39,0.08,58083.2,0.563,58083.19,1.02,58083,0.06,58088.13,0.014,58090,0.009,58090.51,0.004,58090.78,0.052,58091.52,0.003,58092.01,0.002,58092.68,0.001,58092.99,0.035,58093,0.01,58093.46,0.002,58093.61,0.751,58095.53,0.448,58095.7,0.001,58095.99,0.224,58096.64,0.001,58098.6,0.001,58099,0.001,58099.08,0.377,58099.48,0.164,58099.79,0.102
BTCUSDT,1637366435673,951872842445,58089.69,0.135,58087.99,0.879,58087.72,1,58087.47,0.06,58087.4,0.06,58087.39,1.488,58086.99,0.06,58086.98,1.459,58086.16,0.4,58086.03,0.3,58085.94,0.573,58085.93,0.611,58085.77,0.06,58085.76,0.682,58085.52,0.744,58085.04,0.042,58085.03,2.367,58085.02,1.693,58084.95,0.089,58084.72,0.3,58090.78,0.034,58091.52,0.003,58092.01,0.002,58092.68,0.001,58092.99,0.035,58093,0.01,58093.46,0.002,58093.61,0.751,58095.53,0.448,58095.99,0.224,58096.64,0.001,58098.6,0.001,58098.99,0.006,58099,0.001,58099.08,0.377,58099.48,0.164,58099.79,0.102,58099.95,0.035,58099.99,1.158,58100,3.004
BTCUSDT,1637366436773,951872963317,58106.59,3.43,58106.58,2.863,58106.57,0.432,58106.33,0.014,58106.29,0.27,58106.09,0.02,58105.61,0.879,58105.45,0.015,58105,2.454,58104.99,0.02,58104.93,0.15,58104.54,0.172,58104.3,0.744,58104.18,1,58103.63,0.007,58103.04,0.116,58102.51,0.086,58102.5,0.06,58102.15,0.004,58101.1,0.042,58106.6,4.037,58107.36,0.001,58108.94,0.009,58110,0.088,58110.74,0.112,58111,0.044,58111.01,0.036,58111.05,0.001,58112.42,0.071,58113.1,0.001,58113.42,0.127,58113.78,0.002,58115,1.719,58115.55,0.013,58115.61,0.752,58116,0.001,58116.37,0.267,58117.34,0.044,58117.5,0.203,58117.67,0.173
BTCUSDT,1637366436789,951872964394,58106.59,3.298,58106.58,2.863,58106.57,0.432,58106.33,0.014,58106.29,0.25,58105.61,0.879,58105.45,0.015,58105,2.454,58104.93,0.15,58104.54,0.172,58104.3,0.744,58104.18,1,58103.63,0.007,58103.04,0.116,58102.51,0.086,58102.5,0.06,58102.15,0.004,58101.1,0.042,58101.06,1.358,58101.01,0.016,58106.6,4.037,58107.36,0.001,58108.94,0.009,58110,0.088,58110.74,0.112,58111,0.044,58111.01,0.036,58111.05,0.001,58112.42,0.071,58113.1,0.001,58113.42,0.127,58113.78,0.002,58115,1.719,58115.55,0.013,58115.61,0.752,58116,0.001,58116.37,0.267,58117.34,0.044,58117.5,0.203,58117.67,0.173
BTCUSDT,1637366437875,951873035947,58119.53,0.809,58117.21,0.007,58115.63,0.086,58115.62,0.016,58115.6,1.479,58115.55,0.002,58115.54,3.848,58113.72,0.001,58113.71,0.071,58113.64,0.004,58113.12,0.103,58113.11,1.005,58113.1,2.448,58111.57,0.172,58111,0.444,58110.96,1,58107.88,0.442,58107.87,1,58107.37,0.67,58107.36,0.747,58119.54,1.909,58120,0.107,58120.15,0.004,58121.13,0.674,58121.14,1.719,58121.35,0.001,58121.5,0.02,58121.98,0.005,58124.55,0.001,58125,0.106,58125.5,0.526,58125.98,0.017,58126.36,0.138,58127.14,0.071,58127.21,0.18,58127.31,0.001,58127.6,0.001,58127.82,0.748,58127.83,0.172,58129.16,0.34
BTCUSDT,1637366437896,951873036909,58119.53,1.701,58117.21,0.007,58115.64,0.146,58115.62,0.016,58115.6,1.479,58115.55,0.002,58115.54,3.09,58113.72,0.001,58113.71,0.071,58113.64,0.004,58113.12,0.103,58113.11,1.005,58113.1,2.448,58111.57,0.172,58111,0.444,58110.96,1,58107.88,0.442,58107.87,1,58107.37,0.67,58107.36,0.747,58119.54,1.909,58120,0.107,58120.15,0.004,58121.13,0.674,58121.14,1.719,58121.35,0.001,58121.5,0.02,58121.98,0.005,58124.55,0.001,58125,0.106,58125.5,0.526,58125.98,0.017,58126.36,0.138,58127.14,0.071,58127.21,0.18,58127.31,0.001,58127.6,0.001,58127.82,0.748,58127.83,0.172,58129.16,0.34
BTCUSDT,1637366438988,951873122439,58109.59,1.012,58109.03,0.001,58107.89,0.032,58106.59,0.067,58106.58,0.278,58106.57,0.18,58105,0.008,58102.55,0.042,58102.54,0.103,58102.53,0.146,58102.52,0.45,58101.51,0.06,58101.5,0.001,58101.44,0.086,58101.07,0.289,58100.02,0.06,58100.01,0.875,58100,2.745,58098.61,0.086,58098.6,0.001,58109.6,0.179,58109.73,0.035,58109.84,0.059,58109.88,0.063,58112.51,0.001,58113.71,0.006,58114.44,0.095,58114.45,0.5,58114.46,0.238,58114.47,0.5,58114.48,0.173,58114.97,0.086,58114.98,0.062,58115.41,0.001,58115.54,2.175,58116.02,0.06,58116.82,2.276,58116.83,5.532,58116.84,0.439,58118.37,2
BTCUSDT,1637366438992,951873122592,58109.59,1.012,58109.03,0.001,58107.89,0.032,58106.59,0.067,58106.58,0.278,58106.57,0.18,58105,0.008,58102.55,0.042,58102.54,0.103,58102.53,0.146,58102.52,0.45,58101.51,0.06,58101.5,0.001,58101.44,0.086,58101.07,0.289,58100.02,0.06,58100.01,0.875,58100,2.745,58098.61,0.086,58098.6,0.001,58109.6,0.179,58109.73,0.035,58109.84,0.059,58109.88,0.063,58112.51,0.001,58113.71,0.006,58114.44,0.095,58114.45,0.5,58114.46,0.238,58114.47,0.5,58114.48,0.173,58114.97,0.086,58114.98,0.062,58115.41,0.001,58115.54,2.175,58116.02,0.06,58116.82,2.276,58116.83,5.532,58116.84,0.439,58118.37,2
BTCUSDT,1637366440073,951873165987,58108.63,0.604,58105.73,0.001,58104.76,0.032,58104.4,0.004,58102.56,0.029,58102.53,0.194,58102.52,0.45,58101.44,0.086,58100.51,0.146,58100.09,0.096,58100.07,1.024,58100.06,0.164,58100,2.745,58098.6,0.001,58098.2,0.099,58098.19,0.071,58098.16,0.001,58098.02,0.035,58097.72,0.052,58097.6,0.436,58108.64,1.509,58109.34,0.05,58109.59,3.5,58109.6,0.174,58109.84,0.059,58111.63,0.086,58111.64,0.304,58112.5,0.06,58112.51,0.002,58113.71,0.006,58114.35,0.252,58114.48,0.173,58114.88,0.479,58114.98,0.062,58115.41,0.001,58115.94,0.013,58115.99,0.744,58116,0.1,58116.8,0.222,58116.82,2.274
BTCUSDT,1637366440094,951873166946,58108.63,0.604,58105.73,0.001,58104.76,0.032,58104.4,0.004,58102.56,0.029,58102.53,0.162,58102.52,0.45,58101.44,0.086,58100.51,0.146,58100.09,0.096,58100.07,1.024,58100.06,0.164,58100,2.745,58098.6,0.001,58098.2,0.099,58098.19,0.071,58098.16,0.001,58098.02,0.035,58097.72,0.052,58097.6,0.436,58108.64,1.509,58109.34,0.05,58109.59,3.5,58109.6,0.174,58109.84,0.059,58111.63,0.086,58111.64,0.304,58112.5,0.06,58112.51,0.002,58113.71,0.006,58114.35,0.252,58114.48,0.173,58114.88,0.479,58114.98,0.062,58115.41,0.001,58115.94,0.013,58115.99,0.744,58116,0.1,58116.8,0.222,58116.82,2.274
BTCUSDT,1637366441197,951873204506,58114.18,0.02,58114.02,0.763,58113.99,0.113,58109.63,0.076,58109.61,0.207,58109.6,0.06,58108.65,0.002,58108.64,0.2,58108.63,0.514,58108.39,0.001,58108.38,0.071,58107.74,0.096,58107.72,1.093,58107.51,0.003,58106.27,0.086,58106.26,0.002,58106.17,1,58105.73,0.001,58104.76,0.032,58104.22,0.138,58114.19,0.532,58114.34,0.003,58115.41,0.001,58115.84,0.008,58115.96,0.37,58116,0.1,58116.82,1.272,58116.83,3.5,58119.51,1.826,58119.53,3.5,58120.17,0.173,58121.08,0.749,58121.8,0.001,58122.64,1.719,58124.26,0.001,58124.7,0.001,58126.29,0.251,58126.35,1.718,58126.36,3.5,58126.5,0.76
BTCUSDT,1637366441203,951873204764,58114.18,0.02,58114.02,0.763,58113.99,0.113,58112.51,0.018,58109.63,0.076,58109.61,0.207,58108.65,0.105,58108.64,0.2,58108.63,0.514,58108.39,0.001,58108.38,0.071,58107.74,0.096,58107.72,1.093,58107.51,0.003,58106.27,0.086,58106.26,0.002,58106.17,1,58105.73,0.001,58104.76,0.032,58104.23,0.06,58114.34,0.003,58115.41,0.001,58115.84,0.008,58116,0.1,58116.82,1.272,58116.83,3.5,58119.51,1.826,58119.53,3.5,58120.17,0.173,58121.08,0.749,58121.8,0.001,58122.64,1.719,58124.26,0.001,58124.7,0.001,58126.29,0.251,58126.35,1.718,58126.36,3.5,58126.5,0.76,58127.09,0.035,58127.28,0.019
BTCUSDT,1637366442273,951873244521,58111.77,0.659,58109.59,0.122,58108.71,0.161,58108.7,0.042,58108.64,0.026,58108.63,0.379,58108.39,0.001,58107.94,0.004,58107.75,0.206,58107.73,0.383,58107.72,1.093,58106.26,0.002,58105.73,0.001,58105.44,0.153,58104.97,0.071,58104.76,0.032,58104.22,0.138,58102.56,0.005,58102.54,0.249,58102.53,0.162,58111.78,0.259,58113.99,0.593,58114,0.25,58114.27,0.179,58114.28,0.5,58115.41,0.001,58115.51,0.133,58115.91,0.541,58115.99,0.041,58116,0.1,58116.82,1.272,58116.83,3.5,58117.23,0.269,58118.6,0.589,58119.5,0.06,58119.51,1.826,58119.53,3.5,58120.16,0.086,58120.17,0.173,58120.38,0.144
BTCUSDT,1637366442291,951873245203,58111.77,0.659,58109.59,0.122,58108.71,0.161,58108.7,0.042,58108.64,0.026,58108.63,0.379,58108.39,0.001,58107.94,0.004,58107.75,0.206,58107.73,0.383,58107.72,1.093,58106.26,0.002,58105.73,0.001,58105.44,0.153,58104.97,0.071,58104.76,0.032,58104.22,0.138,58102.56,0.005,58102.54,0.249,58102.53,0.162,58111.78,0.659,58113.99,0.593,58114,0.25,58114.27,0.179,58114.28,0.5,58115.41,0.001,58115.51,0.133,58115.91,0.541,58115.99,0.041,58116,0.1,58116.82,1.272,58116.83,3.5,58117.23,0.269,58118.6,0.589,58119.5,0.06,58119.51,1.826,58119.53,3.5,58120.16,0.086,58120.17,0.173,58120.38,0.144
BTCUSDT,1637366443373,951873283757,58109.59,0.55,58108.63,0.221,58108.39,0.001,58106.26,0.002,58103.52,0.146,58103.48,0.042,58103.41,0.509,58103.4,0.5,58103.37,0.5,58102.89,0.004,58102.61,0.899,58102.52,0.45,58101.5,0.001,58101.44,0.086,58101.42,0.041,58100.06,0.164,58100,2.695,58098.6,0.001,58098.2,0.099,58098.19,0.071,58109.6,2.255,58109.61,0.375,58111.72,0.2,58111.74,1.512,58111.77,4.052,58112.48,0.532,58114.62,0.086,58114.63,0.603,58115.4,0.086,58115.41,0.001,58115.51,0.133,58115.91,0.541,58115.99,0.041,58116,0.1,58116.23,2,58116.82,1.272,58116.83,3.5,58117.23,0.269,58118.6,0.589,58119.51,1.826
BTCUSDT,1637366443385,951873284085,58109.59,0.55,58108.63,0.221,58108.39,0.001,58106.26,0.002,58104.95,0.004,58103.52,0.146,58103.48,0.042,58103.41,0.509,58103.4,0.5,58103.37,0.5,58102.89,0.004,58102.61,0.899,58102.52,0.45,58101.5,0.001,58101.44,0.086,58101.42,0.041,58100.06,0.164,58100,2.695,58098.6,0.001,58098.2,0.099,58109.6,1.455,58109.61,0.375,58111.74,1.512,58111.77,4.052,58112.48,0.532,58114.62,0.086,58114.63,0.603,58115.4,0.086,58115.41,0.001,58115.51,0.133,58115.91,0.541,58115.99,0.041,58116,0.1,58116.23,2,58116.82,1.272,58116.83,3.5,58117.23,0.269,58118.6,0.589,58119.51,1.826,58119.53,3.5
BTCUSDT,1637366444462,951873317702,58114.5,0.113,58114.41,0.135,58113.81,0.003,58110.66,0.001,58110.56,0.042,58110.54,0.389,58110.53,0.706,58110.51,0.5,58110.5,0.25,58109.65,0.004,58108.79,0.004,58108.78,0.004,58108.77,0.103,58108.63,0.22,58108.39,0.001,58106.27,0.086,58106.26,0.002,58105.91,0.06,58105.9,0.071,58105.2,0.2,58114.51,1.249,58115.41,0.001,58115.51,0.133,58116,0.1,58116.81,0.5,58116.82,1.272,58116.83,3.5,58119.51,1.826,58119.53,3.5,58120.18,0.173,58120.51,0.313,58121.8,0.001,58121.99,0.06,58122,0.1,58122.64,1.719,58124.25,0.086,58124.26,0.001,58124.7,0.001,58125.91,0.008,58126.22,0.002
BTCUSDT,1637366444480,951873318335,58114.5,0.113,58114.41,0.135,58113.81,0.003,58110.66,0.001,58110.56,0.042,58110.54,0.389,58110.53,0.706,58110.51,0.5,58110.5,0.25,58109.65,0.004,58108.79,0.004,58108.78,0.004,58108.77,0.103,58108.63,0.22,58108.39,0.001,58106.27,0.086,58106.26,0.002,58105.91,0.06,58105.9,0.071,58105.2,0.2,58114.51,1.249,58115.41,0.001,58115.51,0.133,58116,0.1,58116.81,0.5,58116.82,1.272,58116.83,3.5,58119.51,1.826,58119.53,3.5,58120.18,0.173,58120.51,0.313,58121.8,0.001,58121.99,0.06,58122,0.1,58122.64,1.719,58124.25,0.086,58124.26,0.001,58124.7,0.001,58125.91,0.008,58126.22,0.002
BTCUSDT,1637366445573,951873351456,58106.37,0.135,58105.84,0.113,58105.22,0.603,58103.49,0.071,58102.84,0.427,58102.52,0.45,58102.46,0.015,58101.44,0.086,58100.83,0.004,58100.06,0.164,58100,0.2,58099.74,0.272,58098.6,0.001,58098.2,0.099,58098.16,0.001,58098.02,0.035,58097.84,0.602,58097.72,0.052,58097.37,0.487,58096.82,0.121,58106.38,0.165,58106.91,0.002,58106.92,0.001,58106.93,0.029,58106.94,0.014,58107.2,0.042,58107.28,3.49,58107.29,0.413,58108.37,0.23,58108.38,0.5,58108.62,1.224,58109.73,0.004,58111.46,0.113,58111.79,0.086,58111.85,0.135,58113.19,0.173,58113.42,0.19,58113.43,0.532,58113.71,0.035,58114.5,0.064
BTCUSDT,1637366445582,951873351727,58106.37,0.135,58105.84,0.113,58103.49,0.071,58102.84,0.427,58102.52,0.45,58102.46,0.015,58101.44,0.086,58100.83,0.004,58100.06,0.164,58100,0.2,58099.75,0.103,58099.74,0.272,58098.6,0.001,58098.2,0.099,58098.16,0.001,58098.02,0.035,58097.84,0.602,58097.72,0.052,58097.37,0.487,58096.82,0.121,58106.38,0.165,58106.92,0.147,58106.93,0.029,58106.94,0.014,58107.2,0.042,58107.28,3.49,58108.37,0.23,58108.38,0.5,58108.62,0.268,58109.73,0.004,58111.46,0.113,58111.79,0.086,58111.85,0.135,58113.19,0.173,58113.42,0.19,58113.43,0.532,58113.71,0.035,58114.5,0.062,58114.51,0.532,58115.41,0.001
BTCUSDT,1637366446670,951873394337,58116.57,0.08,58116.56,0.032,58115.21,0.555,58115,1.009,58113.72,0.113,58113.54,0.001,58113.24,0.135,58113.18,0.028,58108.53,0.004,58108.13,0.086,58108.12,0.004,58107.72,0.028,58107.65,0.06,58107.64,0.042,58107.32,0.146,58107.31,0.086,58107.18,0.001,58106.84,0.309,58106.76,0.407,58106.75,0.7,58116.58,0.092,58116.75,0.5,58116.76,1.045,58116.77,0.5,58116.82,1.763,58116.83,1.686,58117.86,0.004,58119.52,1.229,58119.53,3.5,58121.54,0.035,58121.79,0.001,58122,0.1,58122.64,1.719,58124.26,0.001,58124.34,0.011,58124.7,0.001,58125.91,0.008,58126.35,1.718,58126.36,3.5,58126.5,0.76
BTCUSDT,1637366446699,951873395345,58116.74,0.032,58116.59,0.06,58116.58,0.092,58116.57,0.06,58115.22,0.111,58115,0.205,58113.72,0.113,58113.54,0.001,58113.24,0.135,58113.18,0.028,58108.53,0.004,58108.13,0.086,58108.12,0.004,58107.72,0.028,58107.65,0.06,58107.64,0.042,58107.33,0.206,58107.32,0.146,58107.31,0.086,58107.18,0.001,58116.75,0.5,58116.77,0.5,58116.82,1.763,58116.83,1.686,58119.47,0.014,58119.52,1.229,58119.53,3.5,58120.13,0.003,58121.54,0.035,58121.79,0.001,58122,0.1,58122.64,1.719,58124.26,0.001,58124.34,0.011,58124.7,0.001,58125.91,0.008,58126.35,1.718,58126.36,3.5,58126.5,0.76,58126.51,0.002
BTCUSDT,1637366447793,951873433355,58113.64,0.138,58112.45,0.015,58109.52,0.071,58108.92,0.103,58107.18,0.001,58106.92,1,58106.73,0.525,58104.69,0.155,58104.41,0.086,58104.4,0.001,58104.36,0.041,58103.89,0.383,58103.86,1,58103.49,0.071,58102.54,0.216,58102.52,0.45,58101.77,0.005,58101.76,0.486,58101.5,0.001,58101.44,0.086,58115,0.032,58115.35,0.135,58115.6,0.113,58116.4,0.014,58116.6,0.023,58116.73,0.003,58116.74,4.242,58116.75,2.046,58116.82,1.763,58119,0.004,58120.53,0.287,58120.64,0.173,58121.54,0.035,58121.79,0.001,58122,0.1,58122.94,0.534,58124.02,0.144,58124.26,0.001,58124.34,0.011,58124.7,0.001
BTCUSDT,1637366447794,951873433436,58113.64,0.004,58112.45,0.015,58109.52,0.071,58107.18,0.001,58106.93,0.459,58106.92,1,58106.73,0.525,58104.69,0.155,58104.41,0.086,58104.4,0.001,58104.36,0.041,58103.89,0.383,58103.86,1,58103.49,0.071,58102.54,0.216,58102.52,0.45,58101.77,0.005,58101.76,0.486,58101.5,0.001,58101.44,0.086,58113.65,0.112,58113.66,0.02,58115,0.032,58115.35,0.135,58115.6,0.113,58116.4,0.014,58116.55,0.141,58116.6,0.023,58116.73,0.503,58116.74,3.496,58116.75,2.046,58116.82,1.763,58119,0.004,58120.53,0.287,58120.64,0.173,58121.54,0.035,58121.79,0.001,58122,0.1,58122.94,0.534,58124.02,0.144
BTCUSDT,1637366448887,951873470827,58116.69,0.201,58116.68,0.052,58116.66,0.12,58116.65,0.02,58116.59,0.638,58116.57,0.684,58116.09,0.085,58115.53,0.034,58114.85,0.201,58113.03,0.353,58113,0.5,58112.99,0.487,58112.44,0.015,58108.71,0.004,58108.4,0.086,58108.39,0.004,58108.38,1,58108.34,0.004,58108.29,0.146,58108.28,0.028,58116.7,0.5,58116.74,3.49,58116.75,0.358,58118.58,0.173,58120.53,0.287,58120.89,0.004,58121.79,0.001,58122,0.1,58124.02,0.144,58124.26,0.001,58124.34,0.011,58124.65,0.604,58124.7,0.001,58125.54,0.249,58125.77,0.523,58125.91,0.008,58126.33,0.103,58126.35,1.718,58126.36,3.5,58126.5,0.76
BTCUSDT,1637366448897,951873471159,58116.69,0.946,58116.68,0.02,58116.66,0.06,58116.09,0.085,58115.53,0.034,58114.85,0.201,58113.03,0.353,58113,0.5,58112.99,0.487,58112.44,0.015,58108.71,0.004,58108.42,0.028,58108.4,0.086,58108.39,0.004,58108.38,1,58108.34,0.004,58108.29,0.146,58108.27,0.103,58108.24,0.332,58108.23,0.937,58116.74,3.49,58116.75,0.358,58118.58,0.173,58120.53,0.287,58120.89,0.004,58121.79,0.001,58122,0.1,58124.02,0.144,58124.26,0.001,58124.34,0.011,58124.65,0.604,58124.7,0.001,58125.54,0.249,58125.76,0.103,58125.77,0.523,58125.91,0.008,58126.34,0.002,58126.35,1.718,58126.36,3.5,58126.5,0.76
BTCUSDT,1637366449989,951873509196,58131.99,0.182,58131.52,0.335,58128.76,0.135,58127.04,0.742,58127.03,0.103,58126.45,0.146,58126.44,0.135,58125.97,0.042,58125.92,0.004,58125.89,0.086,58124.81,0.004,58124.26,0.06,58123.65,0.201,58123.12,0.001,58122.35,0.149,58122.34,0.034,58122.1,0.967,58122,0.299,58121.99,0.733,58121.78,0.004,58132,0.097,58132.18,0.004,58133.94,0.223,58135.33,0.644,58135.34,1.719,58135.35,0.114,58135.52,0.005,58137.65,0.001,58138.12,0.001,58139.19,0.086,58139.2,0.001,58139.33,0.039,58139.59,0.701,58139.6,2,58140,0.199,58140.27,0.052,58140.64,0.001,58140.83,0.232,58140.94,0.019,58141.11,0.17
BTCUSDT,1637366449990,951873509275,58131.99,0.182,58131.52,0.335,58128.76,0.135,58127.04,0.742,58126.45,0.146,58126.44,0.135,58125.97,0.042,58125.89,0.086,58124.81,0.004,58124.26,0.06,58123.65,0.201,58123.12,0.001,58122.35,0.149,58122.34,0.034,58122.1,0.967,58122,0.299,58121.99,0.733,58121.78,0.004,58120.83,0.113,58120.35,0.071,58132,0.097,58132.18,0.004,58133.94,0.223,58135.33,0.644,58135.34,1.719,58135.35,0.114,58135.52,0.005,58137.65,0.001,58138.12,0.001,58139.19,0.086,58139.2,0.001,58139.33,0.039,58139.59,0.701,58139.6,2,58140,0.199,58140.27,0.052,58140.64,0.001,58140.83,0.232,58140.94,0.019,58141.11,0.17
BTCUSDT,1637366451068,951873553928,58131.96,0.06,58122.91,0.73,58122.9,0.103,58122.89,0.042,58122.85,0.7,58122.84,0.593,58122.83,0.586,58122.8,0.051,58122.75,0.096,58121.98,0.071,58121.82,0.432,58121.8,0.149,58121.79,0.18,58121.78,0.395,58120.91,0.041,58119.98,0.06,58118.57,0.004,58118.23,0.416,58118.22,1.168,58117.85,0.536,58131.97,2.766,58132,0.129,58132.18,0.004,58133.71,2,58133.85,0.194,58134.6,0.204,58134.61,0.559,58135.33,0.644,58135.34,1.719,58136.46,0.002,58137.58,0.06,58137.59,0.114,58137.65,0.001,58138.12,0.001,58139.19,0.086,58139.2,0.001,58139.33,0.039,58140,0.199,58140.27,0.052,58140.64,0.001
BTCUSDT,1637366451095,951873555020,58131.96,0.06,58122.98,0.042,58122.91,0.837,58122.9,0.103,58122.86,0.2,58122.85,0.796,58122.84,0.103,58122.83,0.586,58122.8,0.051,58121.98,0.071,58121.82,0.432,58121.8,0.149,58121.79,0.18,58121.78,0.395,58120.91,0.041,58119.98,0.06,58118.57,0.004,58118.23,0.416,58118.22,1.168,58117.85,0.536,58131.97,3.166,58132,0.129,58132.18,0.004,58133.71,2,58133.85,0.194,58134.6,0.204,58134.61,0.559,58135.33,0.644,58135.34,1.719,58136.46,0.002,58137.58,0.06,58137.59,0.114,58137.65,0.001,58138.12,0.001,58139.19,0.086,58139.2,0.001,58139.33,0.039,58140,0.199,58140.27,0.052,58140.64,0.001
BTCUSDT,1637366452186,951873588386,58131.89,0.08,58131.88,0.08,58131.79,0.05,58131.77,0.02,58130.92,0.16,58130.38,0.69,58129.94,0.015,58126.35,0.071,58126.16,0.018,58124.75,0.001,58124.01,0.014,58123.96,0.35,58123.94,0.508,58123.75,0.006,58123.12,0.001,58122.03,0.06,58121.81,0.268,58121.79,0.171,58121.78,0.397,58120.91,0.041,58131.95,3.49,58131.96,1.073,58132.18,0.004,58136.24,0.172,58136.46,0.002,58137.59,0.114,58137.65,0.001,58138.11,0.06,58138.12,0.001,58138.59,0.462,58139.19,0.086,58139.2,0.001,58139.33,0.039,58139.89,0.028,58139.99,1.719,58140,0.199,58140.27,0.052,58140.64,0.001,58140.82,0.003,58140.83,0.232
BTCUSDT,1637366453279,951873620059,58131.94,0.492,58126.12,0.071,58125.73,0.014,58125.66,0.326,58125.6,0.112,58124.75,0.001,58124.54,0.223,58124.53,0.096,58124.51,0.5,58124.03,0.086,58123.94,0.008,58123.75,0.006,58123.12,0.001,58122.03,0.06,58121.79,0.171,58121.78,0.002,58121.48,0.117,58120.91,0.041,58120.3,0.071,58118.9,0.001,58131.95,4.612,58132.18,0.004,58133,0.132,58134.11,0.255,58135.05,0.004,58136.24,0.172,58136.42,0.433,58136.46,0.002,58137.59,0.114,58137.65,0.001,58138.12,0.001,58138.5,0.25,58138.57,0.028,58138.59,0.462,58138.87,0.453,58139.2,0.001,58139.33,0.039,58139.52,0.086,58139.53,0.005,58139.97,0.103
BTCUSDT,1637366453295,951873620437,58131.94,0.492,58126.12,0.071,58125.73,0.014,58125.66,0.476,58125.6,0.112,58124.85,0.086,58124.75,0.001,58124.54,0.223,58124.53,0.096,58124.51,0.5,58124.03,0.086,58123.94,0.008,58123.75,0.006,58123.12,0.001,58122.03,0.06,58121.79,0.171,58121.78,0.002,58121.48,0.117,58120.91,0.041,58120.3,0.071,58131.95,4.615,58132.18,0.004,58133,0.132,58134.11,0.255,58135.05,0.004,58136.24,0.172,58136.42,0.433,58136.46,0.002,58137.59,0.114,58137.65,0.001,58138.12,0.001,58138.5,0.25,58138.57,0.028,58138.59,0.462,58138.87,0.453,58139.2,0.001,58139.33,0.039,58139.53,0.005,58139.97,0.103,58139.99,1.719
BTCUSDT,1637366454372,951873648455,58128.65,0.543,58124.75,0.001,58123.75,0.006,58123.12,0.001,58121.81,0.095,58121.8,0.034,58121.79,0.171,58121.48,0.117,58121.06,0.2,58121.05,0.2,58120.91,0.041,58120.39,0.086,58120.3,0.071,58118.91,0.086,58118.9,0.001,58118.67,0.094,58118.45,0.096,58118.23,0.416,58118.22,1.168,58117.85,0.536,58128.66,0.038,58130.93,0.042,58131.24,0.027,58131.49,0.5,58131.5,0.25,58131.53,0.5,58131.54,1.454,58131.59,3.49,58131.93,0.103,58131.94,3.49,58131.95,3.654,58132.18,0.004,58133,0.132,58133.23,0.003,58134.11,0.255,58136.23,0.146,58136.24,0.172,58136.42,0.433,58136.46,0.002,58136.96,2
BTCUSDT,1637366454389,951873648895,58128.65,0.543,58124.75,0.001,58123.75,0.006,58123.12,0.001,58121.81,0.095,58121.8,0.034,58121.79,0.171,58121.48,0.117,58121.08,0.2,58121.07,0.2,58120.91,0.041,58120.39,0.086,58120.3,0.071,58118.91,0.086,58118.9,0.001,58118.67,0.094,58118.25,0.096,58118.23,0.416,58118.22,1.168,58117.85,0.536,58128.66,0.04,58130.92,0.162,58130.93,0.042,58131.24,0.027,58131.49,0.5,58131.5,0.25,58131.53,0.5,58131.54,1.454,58131.59,3.49,58131.93,0.103,58131.94,3.49,58131.95,3.654,58132.18,0.004,58133,0.132,58133.23,0.003,58134.11,0.255,58136.23,0.146,58136.24,0.172,58136.42,0.433,58136.46,0.002
BTCUSDT,1637366455482,951873681655,58128.65,0.139,58127.89,0.138,58124.75,0.001,58124,0.262,58123.99,0.628,58123.98,0.111,58123.75,0.006,58123.16,0.7,58123.15,0.405,58123.13,0.086,58123.12,0.001,58122.09,0.095,58121.98,0.086,58121.79,0.171,58121.48,0.117,58121.1,0.086,58120.91,0.041,58120.42,0.172,58120.3,0.071,58118.9,0.001,58128.66,0.406,58131.85,0.004,58131.9,0.103,58131.92,0.119,58131.95,0.235,58132.18,0.004,58135.56,0.116,58135.57,0.057,58135.58,0.042,58135.6,0.2,58135.61,0.314,58135.62,0.707,58135.63,2,58136.42,0.313,58136.46,0.002,58136.92,0.763,58136.96,2,58137.65,0.001,58138.11,0.086,58138.12,0.001
BTCUSDT,1637366455498,951873682219,58128.65,0.183,58127.89,0.138,58124.75,0.001,58124.07,0.004,58124.06,0.004,58124,0.262,58123.99,0.5,58123.98,0.111,58123.75,0.006,58123.16,0.7,58123.15,0.405,58123.13,0.086,58123.12,0.001,58121.98,0.086,58121.79,0.171,58121.48,0.117,58121.1,0.086,58120.91,0.041,58120.42,0.172,58120.3,0.071,58128.66,0.406,58131.85,0.004,58131.9,0.103,58131.92,0.119,58131.95,0.235,58132.18,0.004,58135.56,0.116,58135.57,0.057,58135.58,0.042,58135.6,0.2,58135.61,0.314,58135.62,0.707,58136.42,0.313,58136.46,0.002,58136.92,0.763,58136.96,2,58137.65,0.001,58138.11,0.086,58138.12,0.001,58138.35,0.06
BTCUSDT,1637366456579,951873719207,58128.65,0.148,58127.89,0.138,58126.23,0.043,58124.75,0.001,58124.16,0.128,58124.15,0.5,58124.12,0.972,58124,0.086,58123.98,0.111,58123.75,0.006,58123.12,0.001,58121.79,0.171,58121.52,0.095,58121.48,0.117,58121.1,0.086,58120.91,0.041,58120.44,0.086,58120.42,0.172,58120.3,0.071,58118.9,0.001,58128.66,0.128,58131.62,0.042,58131.75,0.004,58131.85,0.004,58131.91,0.5,58131.92,0.264,58131.94,0.5,58131.95,0.235,58132.18,0.004,58133.1,0.14,58135.43,0.218,58135.45,0.2,58135.46,0.2,58135.47,0.114,58135.57,0.003,58136.38,0.208,58136.39,0.277,58136.41,0.06,58136.42,0.313,58136.46,0.002
BTCUSDT,1637366456598,951873719802,58128.65,0.147,58127.89,0.138,58126.23,0.043,58124.75,0.001,58124.22,0.004,58124.21,0.004,58124.16,0.128,58124.15,0.5,58124.12,0.972,58124,0.086,58123.98,0.111,58123.75,0.006,58123.12,0.001,58121.79,0.171,58121.52,0.095,58121.48,0.117,58121.1,0.086,58120.91,0.041,58120.44,0.086,58120.42,0.172,58128.66,0.128,58131.61,0.112,58131.62,0.042,58131.75,0.004,58131.85,0.004,58131.91,0.5,58131.92,0.264,58131.94,0.5,58131.95,0.235,58132.18,0.004,58133.1,0.14,58135.43,0.218,58135.45,0.2,58135.46,0.2,58135.47,0.114,58135.57,0.003,58136.38,0.208,58136.39,0.277,58136.41,0.06,58136.42,0.313
BTCUSDT,1637366457692,951873756173,58131.94,3.024,58130.26,0.139,58129.57,0.003,58128.85,0.5,58128.66,0.001,58128.65,0.007,58127.89,0.138,58127.13,0.086,58127.12,0.172,58126.23,0.043,58126.12,0.071,58125.63,0.086,58125.62,0.042,58125.14,0.042,58125.12,1,58124.75,0.001,58124.02,0.06,58124,0.086,58123.98,0.111,58123.75,0.006,58131.95,0.152,58132.18,0.004,58135.45,0.114,58136.33,0.103,58136.35,0.103,58136.46,0.002,58137.65,0.001,58138.12,0.001,58139.2,0.001,58139.26,0.008,58139.28,0.5,58139.29,0.53,58139.33,0.039,58139.8,0.003,58139.83,0.2,58139.99,1.719,58140,0.199,58140.27,0.052,58140.64,0.001,58140.83,0.232
BTCUSDT,1637366457703,951873756845,58131.94,3.158,58130.26,0.139,58129.57,0.003,58128.85,0.5,58128.66,0.001,58128.65,0.007,58127.89,0.138,58127.22,0.004,58127.13,0.086,58127.12,0.172,58126.23,0.043,58126.12,0.071,58125.63,0.086,58125.62,0.042,58125.14,0.042,58125.12,1,58124.75,0.001,58124.02,0.06,58124,0.086,58123.98,0.111,58135.45,0.114,58136.33,0.206,58136.46,0.002,58137.65,0.001,58138.12,0.001,58139.2,0.001,58139.26,0.008,58139.28,0.5,58139.29,0.53,58139.33,0.039,58139.8,0.003,58139.99,1.719,58140,0.199,58140.27,0.052,58140.64,0.001,58140.83,0.232,58141.26,0.264,58141.34,0.387,58141.47,0.06,58141.72,0.264
BTCUSDT,1637366458782,951873823964,58146.65,0.701,58145.23,0.015,58144.33,0.177,58144.32,0.5,58144.31,0.006,58143.74,0.087,58140.94,0.004,58140.6,0.001,58139.6,0.041,58139.37,0.004,58139.36,0.042,58139.34,0.226,58139.32,0.24,58139.17,0.086,58138.93,0.141,58138.81,0.042,58138.62,0.555,58138.49,0.071,58137.65,0.06,58136.65,0.25,58146.66,0.003,58146.71,0.13,58147.52,0.001,58149.05,0.022,58149.06,0.425,58149.08,1.719,58149.8,0.001,58150,0.639,58150.7,0.016,58150.74,0.013,58152.55,0.103,58152.57,0.242,58152.92,0.363,58153,0.2,58153.07,0.004,58153.17,0.044,58153.18,0.144,58153.51,0.103,58153.52,0.48,58153.68,0.007
BTCUSDT,1637366458793,951873824281,58146.65,0.701,58145.23,0.015,58144.33,0.177,58144.32,0.5,58144.31,0.006,58143.74,0.087,58140.94,0.004,58140.6,0.001,58139.6,0.041,58139.37,0.004,58139.36,0.042,58139.34,0.226,58139.32,0.24,58139.17,0.086,58138.93,0.141,58138.81,0.042,58138.62,0.555,58138.49,0.071,58137.65,0.06,58136.65,0.25,58146.66,0.003,58146.71,0.13,58147.52,0.001,58149.06,0.425,58149.08,1.719,58149.8,0.001,58150,0.639,58150.7,0.016,58150.74,0.013,58152.55,0.103,58152.57,0.242,58152.92,0.363,58153,0.2,58153.07,0.004,58153.17,0.044,58153.18,0.144,58153.51,0.103,58153.52,0.48,58153.68,0.007,58153.7,0.005
BTCUSDT,1637366459890,951873869490,58155.01,0.091,58153.5,0.001,58153.09,0.146,58153.08,0.5,58153.07,0.184,58153,0.5,58150.54,0.339,58150.03,0.095,58150.01,0.056,58150,0.136,58149.79,0.003,58147.88,0.086,58147.52,0.171,58147.3,0.042,58146.71,0.001,58146.65,0.001,58146.48,0.004,58145.06,0.006,58145.05,0.042,58144.98,0.004,58155.02,0.019,58156,0.012,58156.29,0.001,58156.65,0.022,58156.66,0.073,58156.94,0.005,58157.04,0.002,58157.1,0.069,58157.11,0.01,58157.14,0.005,58157.17,1.718,58157.18,0.042,58157.2,0.5,58157.21,5.176,58157.45,0.001,58157.5,0.001,58157.69,0.001,58157.74,0.001,58157.78,0.012,58157.81,0.018
BTCUSDT,1637366459912,951873870442,58155.01,0.091,58153.5,0.001,58153.13,0.015,58153.09,0.146,58153.08,0.5,58153.07,0.184,58153,0.5,58150.54,0.339,58150.03,0.095,58150.01,0.056,58150,0.136,58149.79,0.003,58147.88,0.086,58147.52,0.171,58147.3,0.042,58146.71,0.001,58146.65,0.001,58146.48,0.004,58145.06,0.006,58145.05,0.042,58155.02,0.019,58156,0.012,58156.29,0.001,58156.65,0.022,58156.66,0.073,58156.94,0.005,58157.04,0.002,58157.1,0.069,58157.11,0.01,58157.14,0.005,58157.17,1.718,58157.18,0.042,58157.2,0.5,58157.21,5.176,58157.45,0.001,58157.5,0.001,58157.69,0.001,58157.74,0.001,58157.78,0.012,58157.81,0.018
BTCUSDT,1637366460982,951873910327,58152.89,0.604,58152.84,0.001,58152.48,0.375,58151.81,0.002,58150.33,0.001,58150.02,0.5,58149.86,0.001,58149.5,0.323,58149.48,0.4,58148.85,0.004,58147.56,0.138,58146.7,0.062,58146.66,0.071,58146.12,0.086,58146.11,0.001,58144.31,0.003,58144.19,0.004,58143.86,0.026,58143.82,0.086,58143.81,0.103,58152.9,0.018,58153.01,0.167,58153.08,3.48,58153.72,0.015,58154.87,0.014,58154.97,1.065,58155.01,3.48,58157.15,1.933,58157.18,0.042,58157.19,0.206,58157.2,0.002,58157.21,5.176,58157.45,0.001,58157.5,0.001,58157.69,0.001,58157.74,0.001,58157.78,0.012,58157.81,0.018,58157.97,4.359,58158.27,0.007
BTCUSDT,1637366461000,951873910871,58152.89,0.604,58152.84,0.001,58152.48,0.375,58151.81,0.002,58150.33,0.001,58150.02,0.5,58149.86,0.001,58149.5,0.323,58149.48,0.4,58148.85,0.004,58147.56,0.138,58146.7,0.062,58146.66,0.071,58146.12,0.086,58146.11,0.001,58144.31,0.003,58144.19,0.004,58143.86,0.026,58143.82,0.086,58143.81,0.103,58152.9,0.018,58153.01,0.167,58153.08,3.48,58153.72,0.015,58154.87,0.014,58154.97,1.065,58155.01,3.48,58157.06,0.004,58157.15,1.933,58157.18,0.042,58157.19,0.206,58157.2,0.002,58157.21,5.176,58157.45,0.001,58157.5,0.001,58157.69,0.001,58157.74,0.001,58157.78,0.012,58157.81,0.018,58157.97,4.359
BTCUSDT,1637366462087,951873955337,58157.11,0.631,58153,0.001,58152.97,0.004,58152.78,0.191,58152.67,0.5,58152.65,0.027,58152.64,0.001,58150.54,0.071,58150.08,0.096,58150.02,0.088,58149.97,0.001,58149.86,0.001,58149.28,0.086,58149.27,0.042,58147.6,0.04,58147.58,0.163,58147.57,0.086,58147.56,0.138,58146.9,0.002,58146.88,1,58157.12,0.062,58157.21,4.974,58157.45,0.001,58157.5,0.001,58157.69,0.001,58157.74,0.001,58157.78,0.012,58157.97,4.359,58158.27,0.007,58158.38,0.001,58158.63,0.001,58158.77,0.001,58158.9,0.005,58159,0.383,58159.1,0.104,58159.15,0.015,58159.3,0.012,58159.43,0.127,58159.75,0.169,58160,0.041
BTCUSDT,1637366462108,951873955957,58157.11,0.631,58153,0.001,58152.97,0.004,58152.78,0.191,58152.67,0.5,58152.65,0.027,58152.64,0.001,58150.54,0.071,58150.02,0.088,58149.97,0.001,58149.86,0.001,58149.28,0.086,58149.27,0.042,58147.6,0.136,58147.58,0.163,58147.57,0.086,58147.56,0.138,58146.9,0.002,58146.88,1,58146.72,0.034,58157.12,0.062,58157.21,4.974,58157.45,0.001,58157.5,0.001,58157.69,0.001,58157.74,0.001,58157.78,0.012,58157.97,4.359,58158.27,0.007,58158.38,0.001,58158.63,0.001,58158.77,0.001,58158.9,0.005,58159,0.383,58159.1,0.104,58159.15,0.015,58159.3,0.012,58159.43,0.127,58159.75,0.169,58160,0.041
BTCUSDT,1637366463172,951873993638,58157.2,4.09,58157.11,0.102,58153.11,0.004,58153,0.001,58152.91,0.004,58152.78,0.191,58152.67,0.5,58152.65,0.034,58152.64,0.001,58152.32,0.086,58152.31,0.004,58151.38,0.071,58151.3,0.086,58150.55,0.086,58150.54,0.484,58150.4,0.172,58150.03,0.06,58149.97,0.001,58149.86,0.001,58149.27,0.042,58157.21,4.606,58157.45,0.001,58157.5,0.001,58157.69,0.001,58157.74,0.001,58157.78,0.012,58157.97,4.359,58158.27,0.007,58158.29,0.012,58158.38,0.001,58158.63,0.001,58158.77,0.001,58158.9,0.005,58159,0.383,58159.1,0.104,58159.3,0.012,58159.43,0.127,58159.75,0.169,58160,0.041,58160.05,0.005
BTCUSDT,1637366463207,951873996077,58157.2,3.838,58157.12,0.032,58157.11,0.102,58153.11,0.004,58153,0.001,58152.91,0.004,58152.78,0.191,58152.67,0.5,58152.65,0.034,58152.64,0.001,58152.32,0.086,58151.38,0.071,58151.3,0.086,58150.55,0.086,58150.54,0.484,58150.03,0.06,58149.97,0.001,58149.86,0.001,58149.27,0.042,58149.21,0.119,58157.21,4.051,58157.45,0.001,58157.5,0.001,58157.69,0.001,58157.74,0.001,58157.78,0.012,58157.97,4.359,58158.27,0.007,58158.29,0.012,58158.38,0.001,58158.63,0.001,58158.77,0.001,58158.9,0.005,58159,0.383,58159.1,0.104,58159.3,0.012,58159.43,0.127,58159.75,0.169,58160,0.041,58160.05,0.005
BTCUSDT,1637366464273,951874054437,58157.96,0.939,58157.44,0.3,58156.14,1.119,58155.77,0.187,58155.76,0.113,58154.99,0.135,58153.67,0.071,58152.69,0.086,58152.65,0.034,58152.64,0.001,58151.45,0.086,58151.28,0.004,58150.55,0.5,58149.97,0.001,58149.86,0.001,58147.96,0.04,58147.86,0.2,58147.85,0.2,58147.56,0.138,58147.48,0.198,58157.97,1.531,58158.27,0.007,58158.29,0.012,58158.38,0.001,58158.63,0.001,58158.77,0.001,58158.9,0.005,58159,0.383,58159.03,0.124,58159.1,0.104,58159.3,0.012,58159.43,0.127,58159.75,0.169,58160,0.041,58160.05,0.005,58160.37,0.002,58160.85,0.006,58161,0.085,58161.56,0.001,58161.7,0.003
BTCUSDT,1637366464297,951874055637,58157.96,0.939,58157.44,0.3,58156.14,1.119,58155.77,0.187,58155.76,0.113,58154.99,0.135,58153.67,0.071,58152.65,0.034,58152.64,0.001,58151.45,0.086,58151.28,0.004,58150.55,0.5,58149.97,0.001,58149.86,0.001,58147.96,0.04,58147.86,0.2,58147.85,0.2,58147.56,0.138,58147.48,0.198,58147.47,0.447,58157.97,1.531,58158.27,0.007,58158.29,0.012,58158.38,0.001,58158.63,0.001,58158.77,0.001,58158.9,0.005,58159,0.383,58159.03,0.124,58159.1,0.104,58159.3,0.012,58159.43,0.127,58159.75,0.169,58160,0.041,58160.05,0.005,58160.37,0.002,58160.85,0.006,58161,0.085,58161.56,0.001,58161.7,0.003
BTCUSDT,1637366465372,951874096536,58159.97,0.034,58159.42,0.001,58159.38,0.056,58159.37,0.042,58159.29,0.103,58158.8,0.5,58158.65,0.287,58158.62,0.726,58158.38,0.071,58158.21,0.004,58157.96,0.007,58157.21,0.008,58157.11,0.001,58156.17,0.103,58156.16,0.5,58156.14,1.119,58155.67,0.25,58153.7,0.001,58153.67,0.146,58152.65,0.034,58161.1,0.06,58162,0.14,58162.4,0.033,58162.75,0.367,58163.15,0.4,58163.16,0.014,58163.64,0.119,58164.2,0.5,58164.98,0.5,58164.99,0.051,58165,2.165,58165.01,0.032,58165.81,0.001,58166,0.028,58166.33,0.002,58166.38,0.027,58166.42,0.01,58166.5,0.075,58166.54,0.001,58166.55,0.003
BTCUSDT,1637366465406,951874097895,58159.42,0.001,58158.8,0.5,58158.62,0.726,58157.96,0.007,58157.21,0.008,58157.11,0.001,58156.18,0.103,58156.17,0.003,58156.16,0.5,58156.14,1.119,58153.67,0.086,58153.23,0.172,58152.65,0.034,58152.64,0.001,58152.14,0.071,58151.45,0.086,58150.18,0.468,58149.97,0.001,58149.86,0.001,58148.23,0.086,58159.43,0.2,58159.97,0.123,58159.98,0.08,58162.74,0.629,58162.75,0.367,58163.14,0.144,58163.16,0.014,58163.64,0.119,58164.2,0.647,58164.97,0.969,58165,2.165,58165.01,0.032,58165.81,0.001,58166,0.028,58166.33,0.002,58166.38,0.027,58166.42,0.01,58166.5,0.075,58166.54,0.001,58166.55,0.003
BTCUSDT,1637366466489,951874139579,58157.19,0.06,58155.66,0.113,58155.02,0.135,58153.01,0.001,58152.72,0.028,58152.68,0.836,58152.67,0.016,58152.66,0.507,58151.46,0.004,58150.56,0.028,58150.47,0.206,58150.46,0.341,58150.45,0.5,58149.97,0.001,58149.86,0.001,58148.24,0.06,58148.23,0.086,58147.93,0.004,58147.56,0.138,58147.41,1,58157.35,0.502,58159.89,0.014,58159.93,0.5,58159.98,3.24,58159.99,0.001,58162.27,0.215,58163.24,0.004,58163.35,0.448,58164.34,0.131,58164.99,0.777,58165,2.165,58165.01,0.032,58165.3,0.001,58165.81,0.001,58165.88,0.762,58166,0.028,58166.33,0.002,58166.38,0.027,58166.42,0.01,58166.5,0.075
BTCUSDT,1637366466512,951874140399,58157.33,0.113,58157.2,0.135,58157.19,0.06,58155.67,0.046,58155.66,0.113,58155.03,0.055,58155.02,0.135,58153.27,0.004,58152.72,0.028,58152.68,0.398,58152.67,0.016,58152.66,0.507,58150.47,0.103,58150.46,0.341,58149.97,0.001,58149.86,0.001,58148.24,0.06,58148.23,0.086,58147.93,0.004,58147.56,0.138,58157.35,0.502,58157.98,0.128,58159.89,0.014,58159.93,0.5,58159.98,3.24,58159.99,0.001,58162.27,0.215,58163.24,0.004,58163.35,0.448,58164.34,0.131,58164.99,0.777,58165,2.165,58165.01,0.032,58165.3,0.001,58165.81,0.001,58165.88,0.762,58166,0.028,58166.33,0.002,58166.38,0.027,58166.42,0.01
BTCUSDT,1637366467591,951874180189,58162.1,0.06,58159.99,0.03,58159.98,0.959,58159.92,0.25,58159.89,0.775,58159.1,0.135,58158.97,0.001,58158.62,0.007,58157.89,0.006,58157.2,0.018,58155.02,0.086,58155.01,0.111,58154.76,0.119,58153.54,0.06,58153.53,0.035,58153.52,0.206,58153.5,0.103,58153.48,0.146,58153.34,0.347,58153.33,0.986,58162.11,0.145,58164.95,0.007,58164.98,0.5,58164.99,0.777,58165,2.165,58165.01,0.032,58165.81,0.001,58165.88,0.762,58166,0.028,58166.33,0.002,58166.38,0.027,58166.42,0.01,58166.5,0.075,58166.54,0.001,58166.55,0.003,58166.58,0.001,58166.6,0.039,58166.62,0.001,58166.64,0.001,58166.8,0.001
BTCUSDT,1637366467604,951874180734,58162.1,0.881,58159.99,1.23,58159.98,0.132,58159.1,0.135,58158.97,0.001,58158.62,0.007,58157.97,0.004,58157.89,0.002,58157.2,0.018,58155.82,0.004,58155.02,0.086,58155.01,0.111,58154.76,0.119,58153.54,0.06,58153.53,0.035,58153.52,0.206,58153.5,0.103,58153.34,0.347,58153.33,0.986,58152.8,0.071,58162.11,0.174,58164.95,0.007,58164.98,0.5,58164.99,0.777,58165,2.165,58165.01,0.032,58165.81,0.001,58165.88,0.762,58166,0.028,58166.33,0.002,58166.38,0.027,58166.42,0.01,58166.5,0.075,58166.54,0.001,58166.55,0.003,58166.58,0.001,58166.6,0.039,58166.62,0.001,58166.64,0.001,58166.8,0.001
BTCUSDT,1637366468672,951874220774,58157.24,0.042,58157.2,0.03,58155.01,0.111,58153.9,0.035,58153.34,0.5,58152.66,0.003,58152.65,0.022,58150.8,0.001,58149.97,0.001,58149.86,0.001,58148.39,0.508,58148.23,0.086,58148.21,0.172,58147.9,0.001,58147.56,0.138,58147.2,0.195,58147.04,0.164,58146.9,0.002,58146.84,0.071,58146.78,0.172,58157.9,0.803,58158.63,1.722,58160.2,0.038,58160.4,0.113,58161.43,0.25,58161.64,0.592,58161.76,0.033,58162.1,0.62,58162.11,0.801,58164.28,0.103,58164.29,0.123,58164.92,0.146,58164.93,0.004,58164.95,0.007,58164.98,0.502,58164.99,0.777,58165,2.165,58165.01,0.032,58165.81,0.001,58165.87,0.75
BTCUSDT,1637366468709,951874222778,58157.24,0.042,58157.2,0.03,58155.01,0.111,58153.34,0.5,58152.66,0.003,58152.65,0.022,58150.8,0.001,58149.97,0.001,58149.86,0.001,58148.45,0.035,58148.4,0.397,58148.23,0.086,58148.21,0.172,58147.9,0.001,58147.56,0.138,58147.2,0.195,58147.04,0.164,58146.9,0.002,58146.84,0.071,58146.78,0.172,58157.25,1.247,58157.75,0.034,58157.89,0.013,58158.62,3.49,58161.4,0.007,58161.43,0.25,58161.64,0.592,58161.76,0.033,58161.79,0.146,58162.09,0.206,58162.1,0.517,58162.11,0.775,58164.29,0.123,58164.91,0.004,58164.92,0.146,58164.93,0.004,58164.98,0.5,58164.99,0.777,58165,2.165,58165.01,0.032
BTCUSDT,1637366469794,951874265628,58155.01,0.762,58152.66,0.003,58152.65,0.022,58152.48,0.087,58150.02,0.003,58149.97,0.001,58149.86,0.001,58149.29,0.004,58149.2,0.286,58149.19,0.071,58149.15,0.29,58149.14,0.035,58149.1,0.309,58149.09,0.5,58149.08,0.471,58149.05,0.5,58148.8,0.2,58148.69,0.026,58148.23,0.086,58147.9,0.001,58155.02,0.002,58156,0.015,58157.19,0.005,58157.2,0.034,58157.23,0.5,58157.24,3.49,58159.97,0.146,58159.98,0.001,58159.99,0.001,58160,0.009,58160.84,0.001,58161.79,0.146,58162.11,0.262,58164.15,0.05,58164.29,0.123,58164.91,0.004,58164.99,0.777,58165,2.167,58165.01,0.032,58165.81,0.001
BTCUSDT,1637366469819,951874268051,58155.01,0.763,58153.24,0.015,58152.66,0.003,58152.65,0.022,58152.48,0.087,58150.55,0.004,58149.97,0.001,58149.86,0.001,58149.29,0.004,58149.28,0.035,58149.2,0.286,58149.19,0.071,58149.16,0.309,58149.15,0.24,58149.09,0.5,58149.08,0.471,58148.8,0.2,58148.69,0.026,58148.23,0.086,58147.9,0.001,58155.02,0.002,58157.19,0.005,58157.2,0.034,58157.23,0.5,58159.98,0.001,58159.99,0.001,58160,0.009,58160.84,0.001,58161.79,0.146,58162.11,0.262,58164.15,0.05,58164.91,0.004,58164.99,0.777,58165,2.167,58165.01,0.032,58165.81,0.001,58165.87,0.75,58165.98,0.545,58166,0.028,58166.33,0.007
BTCUSDT,1637366470877,951874325507,58159.41,0.06,58158.7,0.399,58155.75,0.706,58155.73,0.5,58155.72,0.205,58155.36,0.001,58155.01,0.012,58149.87,0.086,58149.86,0.154,58149.85,0.028,58149.84,0.213,58149.83,0.094,58149.82,0.004,58149.65,0.06,58149.29,0.264,58148.74,1,58148.24,0.06,58148.23,0.086,58147.58,0.102,58147.56,0.138,58159.42,0.902,58159.69,0.241,58162.42,0.073,58162.43,0.211,58164.15,0.09,58164.56,0.014,58164.58,0.172,58164.72,0.212,58164.73,0.603,58164.99,0.77,58165,2.167,58165.01,0.032,58165.37,0.124,58165.81,0.001,58165.86,0.777,58166,0.028,58166.33,0.007,58166.38,0.027,58166.42,0.01,58166.5,0.075
BTCUSDT,1637366470898,951874326270,58159.41,0.06,58158.7,0.399,58155.76,0.455,58155.75,0.5,58155.73,0.5,58155.36,0.001,58155.01,0.012,58149.87,0.086,58149.86,0.154,58149.85,0.028,58149.84,0.213,58149.83,0.094,58149.82,0.004,58149.65,0.06,58149.45,0.004,58149.42,0.001,58149.29,0.264,58148.74,1,58148.24,0.06,58148.23,0.086,58159.42,0.902,58159.69,0.241,58162.42,0.073,58162.43,0.211,58164.15,0.09,58164.56,0.014,58164.58,0.172,58164.72,0.212,58164.73,0.603,58164.99,0.77,58165,2.167,58165.01,0.032,58165.37,0.124,58165.81,0.001,58165.86,0.777,58166,0.028,58166.33,0.007,58166.38,0.027,58166.42,0.01,58166.5,0.075
BTCUSDT,1637366471980,951874371938,58150,0.756,58149.95,0.001,58148.57,0.062,58147.58,0.229,58147.57,0.5,58147.56,0.138,58147.04,0.164,58146.9,0.002,58146.7,0.105,58146.46,0.004,58144.71,0.071,58144.25,0.086,58144.05,0.103,58144.04,0.164,58142.78,0.014,58142.77,0.206,58142.75,0.319,58142.1,0.001,58141.97,0.146,58141.96,0.605,58150.01,0.06,58151.55,0.685,58153.1,0.202,58154.99,0.028,58155.75,0.003,58155.76,1.709,58155.78,0.06,58155.79,3.49,58155.8,1.477,58155.87,0.461,58156.4,0.086,58156.41,0.359,58157.29,0.06,58157.3,0.747,58158.58,0.172,58158.92,0.042,58159.16,0.086,58159.22,0.194,58159.23,0.532,58159.4,0.877
BTCUSDT,1637366472004,951874372839,58150,0.755,58149.95,0.001,58148.57,0.062,58147.57,0.5,58147.56,0.138,58147.04,0.164,58146.9,0.002,58146.7,0.105,58146.46,0.004,58144.71,0.071,58144.25,0.086,58144.05,0.103,58144.04,0.164,58142.79,0.103,58142.78,0.014,58142.77,0.103,58142.75,0.319,58142.1,0.001,58141.97,0.146,58141.96,0.605,58151.55,0.666,58153.1,0.202,58154.99,0.028,58155.75,0.003,58155.76,1.709,58155.78,0.06,58155.79,3.49,58155.8,1.175,58155.87,0.461,58156.4,0.086,58156.41,0.359,58157.29,0.06,58157.3,0.747,58158.58,0.172,58158.92,0.042,58159.16,0.086,58159.22,0.194,58159.23,0.532,58159.4,0.877,58159.41,3.49
BTCUSDT,1637366473090,951874418881,58149.71,0.262,58149.57,0.2,58149.56,0.08,58149.53,0.03,58149.18,0.135,58149.17,0.113,58148.57,0.054,58147.57,0.049,58147.56,0.138,58146.7,0.105,58144.6,0.004,58144.45,0.004,58144.33,0.406,58144.32,0.026,58144.31,0.428,58144.3,0.096,58144.28,0.5,58144.25,0.086,58142.1,0.001,58141.47,0.262,58150.01,0.261,58151.55,0.653,58153.28,0.236,58155.6,0.028,58155.67,0.086,58155.76,1.311,58155.79,3.512,58155.8,0.115,58156.38,0.75,58156.4,0.042,58157.28,0.086,58159.15,0.006,58159.23,0.704,58159.4,0.998,58159.41,3.49,58161.14,0.755,58161.62,0.001,58161.83,0.581,58162.4,0.001,58162.66,0.09
BTCUSDT,1637366473095,951874419026,58150,0.177,58149.71,0.262,58149.57,0.2,58149.53,0.03,58149.18,0.135,58149.17,0.113,58148.57,0.054,58147.57,0.049,58147.56,0.138,58146.7,0.105,58144.6,0.004,58144.45,0.004,58144.33,0.406,58144.32,0.026,58144.31,0.428,58144.3,0.096,58144.28,0.5,58144.25,0.086,58142.1,0.001,58141.47,0.262,58150.01,0.261,58151.55,0.653,58153.28,0.236,58155.6,0.028,58155.67,0.086,58155.76,1.311,58155.79,3.512,58155.8,0.115,58156.38,0.75,58156.4,0.042,58157.28,0.086,58159.15,0.006,58159.23,0.704,58159.4,0.998,58159.41,3.49,58161.14,0.755,58161.62,0.001,58161.83,0.581,58162.4,0.001,58162.66,0.09
BTCUSDT,1637366474176,951874457853,58150.46,0.02,58150.45,0.022,58148.57,0.002,58147.58,0.062,58147.57,0.174,58146.71,0.036,58146.7,0.105,58146.54,0.003,58144.76,0.041,58144.4,0.226,58144.39,0.042,58144.3,0.199,58144.29,0.5,58144.28,0.275,58144.25,0.086,58143.35,0.004,58141.37,0.146,58141.27,0.141,58141,0.086,58140.99,0.035,58150.47,6.1,58155.31,0.284,58155.66,0.06,58155.79,0.022,58155.8,0.115,58156.38,0.75,58156.44,0.042,58156.83,0.459,58157.41,0.952,58158.2,0.602,58159.15,0.006,58159.17,0.172,58159.21,0.103,58159.22,0.002,58159.23,0.532,58159.5,0.001,58161.14,0.755,58161.62,0.001,58161.83,0.581,58162.39,0.002
BTCUSDT,1637366474205,951874459364,58150.46,0.02,58150.45,0.005,58148.57,0.002,58147.58,0.062,58147.57,0.174,58146.72,0.103,58146.71,0.036,58146.7,0.105,58146.54,0.003,58144.76,0.041,58144.4,0.226,58144.39,0.042,58144.31,0.7,58144.29,0.5,58144.28,0.075,58144.25,0.086,58143.35,0.004,58141.37,0.146,58141.27,0.141,58140.99,0.035,58150.47,6.1,58155.3,0.086,58155.31,0.284,58155.66,0.06,58155.79,0.022,58155.8,0.115,58156.38,0.75,58156.44,0.042,58156.83,0.459,58157.4,0.103,58157.41,0.952,58158.19,0.002,58158.2,0.602,58159.15,0.006,58159.17,0.172,58159.23,0.532,58159.5,0.001,58161.14,0.755,58161.62,0.001,58161.83,0.581
BTCUSDT,1637366475287,951874503650,58142.59,0.034,58142.24,0.135,58141.9,0.094,58141.89,0.046,58141.88,0.113,58140.99,0.035,58140.6,0.001,58139.83,0.042,58139.81,0.5,58139.8,0.213,58139.79,0.5,58139.78,0.086,58139.32,0.008,58139.1,0.01,58138.79,0.121,58138.66,0.176,58138.52,0.01,58138.21,0.606,58138.2,1.718,58137.54,0.138,58149.07,0.003,58149.39,0.309,58149.4,0.181,58149.41,0.135,58149.48,0.113,58150,0.001,58150.09,0.108,58150.44,3.629,58150.45,7.292,58150.46,3.478,58150.47,6.121,58150.93,0.042,58151.54,0.743,58152.64,0.001,58153.69,0.086,58154.43,0.198,58155.17,0.144,58155.19,0.004,58155.66,0.06,58155.79,0.022
BTCUSDT,1637366475310,951874504562,58144.43,0.02,58142.6,0.026,58142.59,0.034,58142.25,0.048,58142.24,0.135,58141.9,0.094,58141.89,0.046,58141.88,0.113,58140.99,0.035,58140.6,0.001,58139.83,0.042,58139.81,0.5,58139.8,0.213,58139.79,0.5,58139.78,0.086,58139.32,0.008,58139.1,0.01,58138.79,0.121,58138.66,0.176,58138.52,0.01,58145.37,0.015,58149.39,0.213,58149.41,0.135,58149.48,0.113,58150,0.001,58150.44,3.629,58150.45,3.48,58150.46,3.478,58150.47,6.121,58150.93,0.042,58152.64,0.001,58153.69,0.086,58154.43,0.198,58155.17,0.144,58155.66,0.06,58155.79,0.022,58156.04,0.035,58156.38,0.75,58156.44,0.042,58156.83,0.459
BTCUSDT,1637366476379,951874542795,58147.36,0.946,58142.85,0.126,58142.74,0.395,58142.73,0.042,58142.68,0.199,58142.66,0.5,58142.63,0.125,58141.54,0.071,58140.99,0.035,58140.6,0.001,58140.23,0.332,58140.22,1.05,58139.78,0.086,58139.32,0.008,58139.1,0.01,58138.8,0.003,58138.79,0.121,58138.66,0.176,58138.52,0.01,58138.5,0.041,58147.37,1.507,58148.99,0.086,58149,0.052,58150.39,0.004,58150.44,0.016,58150.46,1.28,58150.47,5.428,58150.92,0.086,58150.93,0.042,58152.45,0.06,58152.46,0.086,58152.47,0.009,58152.64,0.001,58154.5,0.015,58155.66,0.06,58155.79,0.148,58156.04,0.035,58156.14,0.172,58156.38,0.75,58156.44,0.042
BTCUSDT,1637366476403,951874544088,58147.36,0.951,58142.85,0.126,58142.74,0.395,58142.73,0.042,58142.68,0.199,58142.66,0.5,58142.63,0.125,58141.54,0.071,58140.99,0.035,58140.6,0.001,58140.23,0.332,58140.22,1.05,58139.78,0.086,58139.32,0.008,58139.1,0.01,58138.8,0.003,58138.79,0.121,58138.66,0.176,58138.52,0.01,58138.5,0.041,58147.37,1.507,58148.99,0.086,58149,0.052,58150.39,0.004,58150.44,0.016,58150.46,1.28,58150.47,5.428,58150.92,0.086,58150.93,0.042,58152.45,0.06,58152.46,0.086,58152.47,0.009,58152.64,0.001,58154.5,0.015,58155.66,0.06,58155.79,0.148,58156.04,0.035,58156.14,0.172,58156.38,0.75,58156.44,0.042
BTCUSDT,1637366477482,951874586613,58147.36,0.821,58144.04,0.004,58144.03,0.042,58143.98,0.126,58143.96,0.525,58142.63,0.125,58141.8,0.149,58141.54,0.071,58140.99,0.035,58140.6,0.001,58140.25,0.003,58140.24,0.488,58140.23,0.332,58140.22,1.05,58139.78,0.086,58139.52,0.588,58139.32,0.008,58139.13,0.246,58139.1,0.01,58138.79,0.121,58147.37,1.343,58149,0.052,58150.35,0.103,58150.44,0.016,58150.46,1.288,58150.47,5.428,58150.92,0.086,58151.32,0.003,58152.45,0.06,58152.46,0.086,58152.47,0.009,58152.64,0.001,58154.5,0.015,58154.8,0.235,58154.82,0.042,58155.02,0.001,58155.66,0.06,58155.79,0.148,58156.04,0.035,58156.38,0.75
BTCUSDT,1637366477489,951874586947,58147.36,0.821,58144.04,0.004,58144.03,0.042,58143.96,0.525,58142.63,0.125,58141.8,0.149,58141.54,0.071,58140.99,0.035,58140.6,0.001,58140.25,0.003,58140.24,0.488,58140.23,0.332,58140.22,1.05,58139.78,0.086,58139.52,0.588,58139.32,0.008,58139.13,0.246,58139.1,0.01,58138.79,0.121,58138.66,0.176,58147.37,1.343,58149,0.052,58150.35,0.103,58150.44,0.016,58150.46,1.288,58150.47,5.428,58150.92,0.086,58151.32,0.003,58152.45,0.06,58152.46,0.086,58152.47,0.009,58152.64,0.001,58154.5,0.015,58154.8,0.235,58154.82,0.042,58155.02,0.001,58155.66,0.06,58155.79,0.148,58156.04,0.035,58156.38,0.75
BTCUSDT,1637366478591,951874659413,58164.69,3.056,58164.37,0.113,58163.99,0.014,58163.89,2.292,58163.6,0.085,58163.23,2.602,58163.11,2.602,58162.11,3.101,58162.01,0.001,58162,0.002,58161.99,0.085,58160.75,0.041,58160.4,0.004,58159.24,0.005,58158.87,0.071,58157.29,0.001,58157.08,0.172,58156.61,0.086,58156.6,0.001,58156.41,0.06,58164.7,3.377,58168.04,0.028,58168.08,0.113,58168.23,3.48,58168.8,3.48,58169.18,3.48,58169.2,0.001,58169.95,1.002,58169.99,0.002,58170,12.101,58170.1,0.138,58170.21,0.048,58170.24,0.003,58170.38,0.002,58170.42,0.001,58170.51,0.002,58170.57,0.182,58170.98,0.071,58171,0.001,58171.27,0.002
BTCUSDT,1637366478597,951874659574,58164.69,3.056,58164.37,0.113,58163.99,0.014,58163.89,2.292,58163.6,0.085,58163.23,2.602,58163.11,2.602,58162.11,3.101,58162.01,0.001,58162,0.002,58161.99,0.085,58160.75,0.041,58160.4,0.004,58159.24,0.005,58158.87,0.071,58157.29,0.001,58157.08,0.172,58156.61,0.086,58156.6,0.001,58156.41,0.06,58164.7,3.377,58168.04,0.028,58168.08,0.113,58168.23,3.48,58168.8,3.48,58169.18,3.48,58169.2,0.001,58169.95,1.002,58169.99,0.002,58170,12.101,58170.1,0.138,58170.21,0.048,58170.24,0.003,58170.38,0.002,58170.42,0.001,58170.51,0.002,58170.57,0.182,58170.98,0.071,58171,0.001,58171.27,0.002
BTCUSDT,1637366479679,951874697350,58169.99,1.394,58169.2,0.006,58166.3,0.086,58166.29,0.06,58166.26,0.125,58165.28,0.014,58164.96,0.004,58164.84,0.144,58164.83,2.522,58164.82,2.297,58164.81,0.086,58164.76,2.297,58164.74,2.297,58164.71,2.659,58164.7,0.001,58164.69,3.582,58164.17,0.071,58163.89,0.002,58163.17,0.289,58163.14,0.172,58170,0.188,58170.1,0.138,58170.21,0.048,58170.24,0.003,58170.38,0.002,58170.42,0.001,58170.51,0.002,58170.98,0.071,58171,0.001,58171.27,0.002,58171.32,0.032,58171.42,0.004,58171.6,0.001,58171.61,0.002,58172,0.12,58172.63,0.003,58173,0.001,58173.11,0.009,58173.82,0.002,58173.98,0.014
BTCUSDT,1637366479693,951874697762,58169.99,1.324,58169.2,0.006,58166.3,0.086,58166.29,0.06,58166.26,0.125,58165.28,0.014,58164.96,0.004,58164.84,0.144,58164.83,2.522,58164.82,2.297,58164.81,0.086,58164.76,2.297,58164.74,2.297,58164.71,2.659,58164.7,0.001,58164.69,3.582,58164.17,0.071,58163.89,0.002,58163.17,0.289,58163.14,0.172,58170,0.187,58170.1,0.138,58170.21,0.048,58170.24,0.003,58170.38,0.002,58170.42,0.001,58170.51,0.002,58170.98,0.071,58171,0.001,58171.27,0.002,58171.32,0.032,58171.42,0.004,58171.6,0.001,58171.61,0.002,58172,0.12,58172.63,0.003,58173,0.001,58173.11,0.009,58173.82,0.002,58173.98,0.014
BTCUSDT,1637366480807,951874735714,58177.97,0.588,58177.58,0.014,58174.83,0.004,58174.82,0.146,58174.81,0.028,58174.74,0.5,58174.73,0.423,58174.72,1.201,58174.26,0.004,58173.99,0.042,58173.51,0.008,58172.15,0.001,58171.27,0.002,58171.1,0.001,58171,0.013,58170.98,0.004,58169.99,0.197,58169.94,0.004,58169.85,0.803,58169.84,2.296,58177.98,1.033,58178.05,0.051,58178.06,0.003,58179.49,0.5,58179.85,0.015,58182.75,0.014,58182.8,0.103,58182.81,0.103,58182.82,1.412,58182.87,3.491,58182.88,0.003,58182.89,0.103,58182.9,0.024,58183.33,0.737,58183.48,0.01,58183.6,0.044,58183.64,0.005,58183.73,0.609,58183.74,1.718,58183.75,0.006
BTCUSDT,1637366480904,951874738981,58177.97,0.54,58177.59,0.01,58177.58,0.014,58174.83,0.004,58174.82,0.146,58174.81,0.028,58174.74,0.5,58174.73,0.423,58174.72,1.201,58174.26,0.004,58173.99,0.042,58173.51,0.008,58172.15,0.001,58171.27,0.002,58171.1,0.001,58171,0.013,58170.98,0.004,58170.65,0.004,58170.64,0.004,58169.99,0.197,58177.98,0.912,58178.05,0.051,58179.49,0.5,58179.85,0.015,58182.75,0.014,58182.8,0.206,58182.82,1.412,58182.87,3.491,58182.88,0.001,58182.9,0.024,58183.33,0.737,58183.48,0.01,58183.6,0.044,58183.64,0.005,58183.73,0.609,58183.74,1.718,58183.75,0.006,58184,0.083,58184.04,0.001,58184.42,0.001
BTCUSDT,1637366481882,951874769795,58173.53,0.521,58173.52,2.295,58173.5,0.016,58172.22,0.014,58172.15,2.527,58171.94,2.295,58171.32,0.054,58170.67,2.295,58169.99,0.191,58169.2,0.005,58168,0.001,58167.03,0.008,58165.54,0.06,58165.53,0.086,58165.3,0.001,58165.24,0.004,58164.7,0.001,58164.69,0.001,58164.17,0.071,58164,0.086,58173.54,0.005,58173.93,0.25,58175.14,0.172,58175.48,0.004,58176.87,0.605,58176.88,0.281,58177.98,0.001,58179.36,0.001,58179.57,0.014,58179.61,0.004,58179.67,0.004,58179.68,0.146,58179.72,0.103,58179.74,0.527,58179.79,0.563,58179.83,0.001,58179.84,0.003,58179.85,0.832,58182.07,0.794,58182.76,2
BTCUSDT,1637366481894,951874770118,58173.53,0.521,58173.52,2.295,58173.5,0.016,58172.22,0.014,58172.15,2.527,58171.94,2.295,58171.32,0.054,58170.67,2.295,58169.99,0.191,58169.2,0.005,58168,0.001,58167.04,0.086,58167.03,0.008,58165.54,0.06,58165.53,0.086,58165.3,0.001,58165.24,0.004,58164.7,0.001,58164.69,0.001,58164.17,0.071,58173.54,0.013,58175.14,0.172,58175.48,0.004,58176.87,0.605,58176.88,0.281,58177.98,0.001,58179.36,0.001,58179.57,0.014,58179.61,0.004,58179.67,0.004,58179.68,0.146,58179.72,0.103,58179.74,0.527,58179.79,0.563,58179.83,0.001,58179.84,0.003,58179.85,0.832,58182.07,0.794,58182.76,2,58182.9,0.024
BTCUSDT,1637366482996,951874808797,58173.52,1.583,58173.5,0.019,58172.22,0.014,58172.15,2.295,58171.94,2.295,58171.32,0.054,58170.67,2.295,58169.99,0.009,58169.2,0.005,58168.2,0.001,58168,0.001,58167.03,0.008,58165.31,0.06,58165.3,0.001,58165,0.003,58164.7,0.001,58164.69,0.001,58164,0.086,58163.89,0.002,58163.28,0.002,58173.53,0.749,58173.54,0.103,58176.53,0.19,58176.87,0.028,58176.95,0.707,58176.96,2,58177.29,0.532,58177.97,0.004,58179.44,0.284,58179.51,0.001,58179.95,0.706,58179.96,2,58182.06,0.086,58182.07,0.763,58182.9,0.024,58183.08,0.06,58183.33,0.737,58183.37,0.501,58183.64,0.005,58183.75,0.006
BTCUSDT,1637366484083,951874842348,58172.15,0.347,58171.94,2.295,58171.32,0.054,58170.67,2.295,58169.99,0.009,58169.2,0.005,58168,0.001,58167.03,0.008,58165.3,0.001,58165,0.003,58164.7,0.001,58164.69,0.001,58163.89,0.002,58163.26,0.069,58163.17,0.289,58163.13,0.018,58162.4,0.001,58162.15,0.108,58162.14,1.175,58162.13,0.236,58172.16,0.182,58173.34,0.135,58173.43,0.532,58173.51,0.001,58173.53,0.797,58173.54,0.096,58173.71,2,58173.79,0.109,58176.51,0.119,58176.53,0.19,58176.88,0.004,58176.9,0.701,58176.91,2,58179.43,0.086,58179.44,0.284,58179.51,0.001,58179.95,0.706,58179.96,2,58180.05,0.019,58180.37,0.042
BTCUSDT,1637366484104,951874843122,58172.15,0.347,58171.94,2.295,58171.32,0.054,58170.67,2.295,58169.99,0.009,58169.2,0.005,58168,0.001,58167.03,0.008,58165.3,0.001,58165,0.003,58164.7,0.001,58164.69,0.001,58163.89,0.002,58163.26,0.069,58163.17,0.289,58163.13,0.018,58162.4,0.001,58162.15,0.108,58162.14,1.175,58162.13,0.236,58172.16,0.176,58173.26,0.042,58173.34,0.135,58173.43,0.532,58173.51,0.001,58173.53,0.797,58173.54,0.096,58173.71,2,58173.79,0.109,58176.51,0.119,58176.53,0.19,58176.88,0.004,58176.9,0.701,58176.91,2,58179.43,0.086,58179.44,0.284,58179.51,0.001,58179.95,0.706,58179.96,2,58180.05,0.019
BTCUSDT,1637366485193,951874874657,58173.22,2.121,58172.5,0.015,58172.3,0.034,58172.29,0.5,58172.28,2.33,58172.2,0.002,58172.16,3.29,58172.15,0.091,58171.94,2.295,58171.32,0.054,58170.43,0.015,58169.99,0.009,58169.2,0.005,58168,0.001,58167.04,0.086,58167.03,0.008,58165.47,0.004,58165.31,0.086,58165.3,0.001,58165.01,0.06,58173.23,0.001,58173.53,0.903,58173.54,0.097,58175.21,0.172,58176.5,0.004,58176.51,0.119,58176.53,0.19,58179,0.212,58179.34,0.042,58179.44,0.284,58179.51,0.001,58179.95,0.706,58179.96,2,58180.05,0.019,58181.52,0.475,58182.04,1.011,58182.05,1.168,58182.07,1.722,58182.54,0.605,58182.9,0.024
BTCUSDT,1637366485208,951874875233,58173.22,2.117,58172.5,0.015,58172.3,0.034,58172.29,0.5,58172.28,2.33,58172.2,0.002,58172.15,0.091,58171.94,2.295,58171.32,0.054,58170.43,0.015,58169.99,0.009,58169.2,0.005,58168,0.001,58167.05,0.06,58167.04,0.086,58167.03,0.008,58165.47,0.004,58165.31,0.086,58165.3,0.001,58165.01,0.06,58173.23,0.001,58173.53,0.903,58173.54,0.097,58175.21,0.172,58176.5,0.004,58176.51,0.119,58176.53,0.19,58179,0.212,58179.34,0.042,58179.44,0.284,58179.51,0.001,58179.94,0.146,58179.95,0.706,58179.96,2,58180.05,0.019,58181.52,0.475,58182.04,1.011,58182.05,1.168,58182.07,1.722,58182.54,0.605
BTCUSDT,1637366486239,951874933782,58176.52,0.12,58176.51,0.248,58174.37,0.53,58174.36,0.4,58174.07,0.015,58173.72,0.5,58173.7,0.001,58173.53,0.068,58173.52,0.01,58173.5,0.002,58173.44,0.015,58173.23,0.133,58173.22,1.852,58173.2,0.002,58172.51,0.086,58172.5,0.001,58172.28,1.851,58172.26,0.004,58172.2,0.002,58172.15,0.084,58176.53,0.162,58176.87,0.051,58178.8,0.5,58179.51,0.001,58182,0.2,58182.01,0.146,58182.02,0.042,58182.03,0.2,58182.04,1.011,58182.05,1.168,58182.9,0.024,58183.33,0.737,58183.37,0.501,58183.64,0.005,58183.75,0.006,58184,0.083,58184.04,0.001,58184.42,0.001,58184.5,0.003,58184.63,0.021
BTCUSDT,1637366486243,951874935622,58176.52,0.119,58176.51,0.248,58174.37,0.5,58174.36,0.4,58174.07,0.015,58173.72,0.5,58173.7,0.001,58173.53,0.068,58173.52,0.01,58173.5,0.002,58173.22,1.852,58173.2,0.002,58172.51,0.086,58172.5,0.001,58172.3,0.133,58172.28,1.851,58172.26,0.004,58172.2,0.002,58172.15,0.084,58171.94,2.295,58176.53,0.162,58176.87,0.051,58178.8,0.5,58179.51,0.001,58182,0.2,58182.01,0.146,58182.02,0.042,58182.03,0.2,58182.04,1.011,58182.05,1.168,58182.9,0.024,58183.33,0.737,58183.37,0.501,58183.64,0.005,58183.75,0.006,58184,0.083,58184.04,0.001,58184.42,0.001,58184.5,0.003,58184.63,0.021
BTCUSDT,1637366487378,951875023913,58187.99,0.038,58187.91,0.232,58186.8,0.5,58185.14,0.015,58185.07,0.146,58185.06,0.041,58185,0.197,58184.99,0.248,58184.06,0.004,58183.4,2.256,58183.39,0.236,58183.34,0.002,58183.33,1.843,58183.32,0.065,58182.93,0.065,58182.89,0.017,58182.05,0.086,58179.53,0.06,58179.51,0.086,58178.73,0.954,58188,1.55,58188.37,0.001,58188.5,0.001,58188.54,0.035,58188.69,0.001,58189.28,0.001,58189.96,0.223,58190,0.139,58190.31,0.004,58190.66,0.001,58191.54,0.071,58191.71,0.011,58191.92,0.223,58191.93,0.005,58192.03,2,58192.07,0.042,58192.44,0.001,58192.52,0.004,58193.18,0.003,58193.8,0.327
BTCUSDT,1637366487411,951875026299,58187.99,0.058,58187.91,0.232,58186.8,0.5,58185.14,0.015,58185,0.197,58184.99,0.248,58184.06,0.004,58183.47,0.041,58183.41,0.997,58183.4,0.004,58183.33,1.843,58183.32,0.065,58182.93,0.065,58179.53,0.06,58179.51,0.086,58178.73,0.954,58178.67,0.042,58178.05,0.06,58177.99,0.137,58177.75,0.103,58188,1.181,58188.37,0.001,58188.5,0.001,58188.54,0.035,58188.69,0.001,58189.28,0.001,58189.96,0.223,58190,0.139,58190.31,0.004,58190.66,0.001,58191.54,0.071,58191.71,0.011,58191.92,0.223,58191.93,0.005,58192.03,2,58192.07,0.042,58192.44,0.001,58192.52,0.004,58193.18,0.003,58193.8,0.327
BTCUSDT,1637366488494,951875097701,58184.99,0.205,58184.65,1.802,58184.5,0.001,58184.49,0.001,58184.33,1.8,58184.32,0.001,58184.3,0.002,58183.61,0.212,58183.51,1.8,58183.49,0.001,58183.39,1.818,58180.81,0.086,58180.8,0.117,58179.62,0.06,58179.52,0.086,58179.51,0.137,58178.73,0.954,58178.34,0.592,58177.81,0.255,58177.69,0.071,58185,0.044,58187.9,0.015,58189.27,0.001,58189.28,0.001,58189.69,0.013,58189.97,0.773,58189.99,0.5,58190,0.139,58190.31,0.004,58190.66,0.001,58191.01,0.402,58191.02,1.141,58191.15,0.129,58191.41,0.2,58191.54,0.071,58191.71,0.011,58191.93,0.005,58191.99,0.2,58192.02,0.753,58192.07,0.042
BTCUSDT,1637366488499,951875097929,58184.99,0.205,58184.65,1.802,58184.5,0.001,58184.49,0.001,58184.33,1.8,58184.32,0.001,58184.3,0.002,58183.61,0.212,58183.51,1.8,58183.49,0.001,58183.39,1.818,58180.81,0.086,58180.8,0.117,58179.62,0.06,58179.52,0.086,58179.51,0.137,58178.73,0.954,58178.34,0.592,58177.81,0.255,58177.28,0.041,58185,0.044,58187.9,0.015,58189.27,0.001,58189.28,0.001,58189.69,0.013,58189.97,0.773,58189.99,0.5,58190,0.139,58190.31,0.004,58190.66,0.001,58191.01,0.402,58191.02,1.141,58191.15,0.129,58191.41,0.2,58191.54,0.071,58191.71,0.011,58191.93,0.005,58191.99,0.2,58192.02,0.753,58192.07,0.042
BTCUSDT,1637366489590,951875145277,58193.09,0.034,58192.74,0.001,58192.1,0.006,58191.01,0.001,58191,0.079,58189.94,0.003,58187.27,0.001,58187.13,0.004,58186.78,0.351,58186.77,0.04,58186.75,0.5,58186.66,0.5,58185.6,0.001,58185.01,0.086,58185,0.001,58184.66,0.001,58184.65,1.802,58184.5,0.001,58184.33,1.8,58184.32,0.004,58193.1,0.257,58193.37,0.139,58193.38,0.951,58193.39,0.202,58195.17,0.001,58195.18,0.074,58195.19,0.5,58195.2,3.48,58195.42,0.015,58196.48,0.317,58197.57,0.114,58197.58,0.687,58198,0.251,58198.15,0.001,58198.2,0.51,58198.23,0.001,58198.24,0.002,58198.4,0.001,58198.55,0.01,58198.77,2
BTCUSDT,1637366489603,951875145630,58193.09,0.034,58192.74,0.001,58192.1,0.006,58191.01,0.001,58191,0.079,58189.94,0.003,58187.27,0.001,58187.13,0.004,58186.78,0.351,58186.77,0.04,58186.75,0.5,58186.66,0.5,58185.6,0.001,58185.01,0.086,58185,0.001,58184.66,0.001,58184.65,1.802,58184.5,0.001,58184.33,1.8,58184.32,0.004,58193.1,0.258,58193.37,0.139,58193.38,0.951,58193.39,0.202,58195.17,0.001,58195.18,0.074,58195.19,0.5,58195.2,3.48,58195.42,0.015,58196.48,0.317,58197.57,0.114,58197.58,0.687,58198,0.251,58198.15,0.001,58198.2,0.51,58198.23,0.001,58198.24,0.002,58198.4,0.001,58198.55,0.01,58198.77,2
BTCUSDT,1637366490706,951875212178,58181.88,5.97,58179.51,0.137,58178.73,0.954,58177.07,0.001,58176.53,0.047,58176.52,0.011,58176.5,0.004,58175.7,0.007,58175.21,0.005,58174.4,0.001,58174,0.001,58173.71,0.088,58173.7,0.001,58173.53,0.103,58173.52,0.004,58173.5,0.002,58173.22,0.001,58173.2,0.002,58172.5,0.001,58172.2,0.002,58181.89,0.708,58182.44,0.028,58183.37,0.041,58183.4,3.48,58183.41,0.532,58183.56,0.135,58183.87,0.366,58184.4,0.015,58184.9,0.035,58185,3.48,58185.89,0.001,58186.07,0.172,58187.08,0.004,58187.12,0.06,58187.13,0.747,58187.24,1.434,58187.25,0.103,58187.26,0.5,58187.27,3.477,58187.86,2
BTCUSDT,1637366490716,951875212607,58181.88,5.971,58179.51,0.137,58178.73,0.954,58177.07,0.001,58176.53,0.047,58176.52,0.011,58176.5,0.004,58175.7,0.007,58175.21,0.005,58174.4,0.001,58174,0.001,58173.71,0.088,58173.7,0.001,58173.53,0.103,58173.52,0.004,58173.5,0.002,58173.22,0.001,58173.2,0.002,58172.5,0.001,58172.2,0.002,58181.89,0.569,58182.44,0.028,58183.37,0.041,58183.4,3.48,58183.41,0.532,58183.56,0.135,58183.87,0.366,58184.4,0.015,58184.9,0.035,58185,3.48,58185.89,0.001,58186.07,0.172,58187.08,0.004,58187.12,0.06,58187.13,0.747,58187.24,1.434,58187.25,0.103,58187.26,0.5,58187.27,3.477,58187.86,2
BTCUSDT,1637366491792,951875269727,58190.02,1.015,58189.47,1.184,58185.02,0.104,58184.91,0.086,58184.9,0.088,58184.2,0.071,58182.66,0.2,58181.99,0.007,58181.98,0.055,58181.97,0.028,58181.95,0.171,58181.93,3.397,58181.9,0.146,58181.89,3.484,58181.88,5.887,58179.51,0.137,58178.46,0.172,58177.8,0.06,58177.63,0.331,58177.07,0.001,58190.03,0.004,58192.5,0.001,58194.1,0.139,58194.11,0.013,58194.2,0.01,58194.66,0.455,58194.67,0.5,58194.69,0.103,58194.73,0.603,58195.52,0.004,58195.65,0.703,58195.66,2,58196.48,0.039,58197.2,0.001,58198,0.255,58198.15,0.001,58198.2,0.51,58198.23,0.001,58198.24,0.002,58198.4,0.001
BTCUSDT,1637366491807,951875270192,58190.02,1.015,58189.47,1.184,58185.02,0.104,58184.91,0.086,58184.9,0.088,58184.2,0.071,58182.66,0.2,58181.99,0.007,58181.98,0.055,58181.97,0.028,58181.95,0.171,58181.93,3.397,58181.9,0.146,58181.89,3.484,58181.88,5.887,58179.51,0.137,58178.46,0.172,58177.8,0.06,58177.63,0.331,58177.07,0.001,58190.03,0.004,58192.5,0.001,58194.09,0.064,58194.1,0.139,58194.11,0.013,58194.66,0.455,58194.67,0.5,58194.69,0.103,58194.73,0.603,58195.52,0.004,58195.65,0.703,58195.66,2,58196.48,0.039,58197.2,0.001,58198,0.255,58198.15,0.001,58198.2,0.51,58198.23,0.001,58198.24,0.002,58198.4,0.001
BTCUSDT,1637366492888,951875312280,58189.69,0.057,58189,0.009,58186.67,0.001,58185.03,0.014,58185.02,0.104,58185,0.001,58184.9,0.088,58182.89,0.041,58182.82,0.171,58182.81,0.5,58182.78,0.5,58182.76,0.1,58182.7,0.001,58182,0.3,58181.89,0.004,58181.88,5.887,58180.49,0.172,58179.8,0.001,58179.6,0.07,58179.51,0.137,58189.7,0.076,58189.91,0.326,58190.03,3.48,58190.65,0.004,58194.04,0.002,58195.39,1.008,58195.4,0.103,58195.41,0.084,58195.42,2,58195.45,0.103,58195.46,0.586,58195.74,1.56,58195.75,0.448,58195.76,3.48,58195.81,0.005,58197.95,0.172,58197.96,0.3,58198,0.426,58198.15,0.001,58198.19,0.182
BTCUSDT,1637366492924,951875313493,58189.69,0.057,58189,0.009,58186.67,0.001,58185.03,0.014,58185.02,0.104,58185,0.004,58184.9,0.088,58182.9,0.196,58182.89,0.041,58182.81,0.5,58182.78,0.5,58182.76,0.1,58182.7,0.001,58182,0.3,58181.89,0.004,58181.88,5.887,58180.49,0.172,58179.8,0.001,58179.6,0.07,58179.51,0.137,58189.7,0.1,58189.91,0.326,58190.03,3.48,58190.65,0.004,58194.04,0.002,58195.23,0.004,58195.39,1.008,58195.4,0.103,58195.41,0.084,58195.42,2,58195.45,0.103,58195.46,0.586,58195.74,1.56,58195.75,0.448,58195.76,3.48,58195.81,0.005,58197.95,0.172,58197.96,0.3,58198,0.426,58198.15,0.001
BTCUSDT,1637366493985,951875352695,58190.02,0.09,58189.69,0.556,58189.07,0.001,58189.06,0.001,58189.05,0.002,58189.01,0.001,58189,0.009,58186.67,0.001,58185.25,0.014,58185.17,0.5,58185.02,0.104,58185,0.004,58184.9,0.088,58182.7,0.001,58182.09,0.146,58182.08,0.041,58182.01,0.004,58182,0.2,58181.92,0.171,58181.9,0.2,58190.03,2.713,58190.98,0.015,58191.67,0.004,58191.84,0.436,58193.1,0.236,58193.73,0.165,58195.24,0.004,58195.35,0.949,58195.37,2,58195.46,0.5,58195.74,1.56,58195.75,0.448,58195.76,3.48,58196.62,0.04,58197.95,0.172,58197.96,0.3,58198,0.426,58198.15,0.001,58198.19,0.182,58198.2,0.51
BTCUSDT,1637366494002,951875353777,58190.02,0.17,58189.84,0.034,58189.69,0.556,58189.07,0.001,58189.06,0.001,58189.05,0.002,58189.01,0.001,58189,0.009,58186.67,0.001,58185.25,0.014,58185.17,0.5,58185.02,0.104,58185,0.004,58184.9,0.088,58182.7,0.001,58182.09,0.146,58182.08,0.041,58182.01,0.004,58182,0.2,58181.93,0.171,58190.03,2.713,58190.98,0.015,58191.15,0.138,58193.09,0.262,58193.1,0.236,58193.79,0.004,58195.35,0.949,58195.46,0.5,58195.74,1.56,58195.75,0.448,58195.76,3.48,58196.62,0.04,58197.95,0.172,58197.96,0.3,58198,0.426,58198.15,0.001,58198.19,0.182,58198.2,0.51,58198.23,0.001,58198.24,0.002
BTCUSDT,1637366495071,951875398110,58199.94,0.878,58199.66,0.017,58199.31,0.16,58198.19,0.17,58198.14,0.08,58197.99,0.02,58197.95,1.099,58197.94,1.145,58196.26,1,58195.76,0.2,58195.75,3.872,58195.66,0.018,58195.43,0.09,58195.35,1,58194.07,0.034,58193.43,0.556,58193.42,0.034,58193.11,0.041,58193.1,0.2,58193.09,0.2,58200,14.837,58200.01,0.01,58200.02,0.01,58200.03,0.017,58200.04,0.004,58200.09,0.14,58200.39,0.001,58200.52,0.003,58200.92,0.003,58200.97,0.005,58201,0.004,58201.3,0.001,58201.34,0.009,58201.37,0.153,58201.63,0.001,58201.83,0.001,58201.9,0.002,58201.97,0.001,58202.5,0.001,58202.68,0.001
BTCUSDT,1637366495106,951875400160,58199.96,0.066,58199.95,0.06,58199.94,0.862,58199.66,0.017,58199.31,0.16,58198.19,0.17,58198.14,0.08,58197.99,0.02,58197.95,4.398,58197.94,0.893,58196.84,0.043,58196.36,0.041,58195.75,3.783,58194.87,0.005,58194.07,0.034,58193.97,0.071,58193.43,0.705,58193.42,0.566,58193.09,0.2,58193.08,0.328,58200,14.837,58200.01,0.01,58200.02,0.01,58200.03,0.017,58200.04,0.004,58200.09,0.14,58200.39,0.001,58200.52,0.003,58200.92,0.003,58200.97,0.005,58201,0.004,58201.3,0.001,58201.34,0.009,58201.37,0.153,58201.63,0.001,58201.83,0.001,58201.9,0.002,58201.97,0.001,58202.5,0.001,58202.68,0.001
BTCUSDT,1637366496205,951875465946,58209.27,0.496,58206.86,0.001,58206.78,0.5,58206.77,0.015,58206.41,0.001,58206.4,0.502,58206.39,0.004,58204.82,0.005,58204.1,0.001,58204.02,0.041,58204.01,0.175,58203.97,0.002,58203.96,0.4,58203.87,0.001,58202.39,0.563,58200.57,0.086,58200.56,0.071,58200,0.002,58199.96,0.103,58198.49,1,58209.28,0.434,58209.82,0.001,58209.99,3.47,58210,7.922,58210.24,0.001,58210.46,0.001,58210.92,0.01,58211,0.001,58211.28,0.001,58212,4.115,58212.2,0.01,58212.35,0.12,58212.6,0.001,58212.85,0.568,58213.44,0.002,58213.56,0.002,58213.64,0.001,58213.9,0.001,58214,0.478,58214.02,0.006
BTCUSDT,1637366496215,951875466327,58209.27,0.496,58206.86,0.001,58206.78,0.5,58206.77,0.015,58206.41,0.001,58206.4,0.502,58206.39,0.004,58204.82,0.005,58204.1,0.001,58204.02,0.041,58204.01,0.175,58203.97,0.002,58203.96,0.4,58203.87,0.001,58202.39,0.563,58200.57,0.086,58200.56,0.071,58200,0.002,58199.96,0.103,58198.49,1,58209.28,0.434,58209.82,0.001,58209.99,3.47,58210,7.922,58210.24,0.001,58210.46,0.001,58210.92,0.01,58211,0.001,58211.28,0.001,58212,4.115,58212.2,0.01,58212.35,0.12,58212.6,0.001,58212.85,0.568,58213.44,0.002,58213.56,0.002,58213.64,0.001,58213.9,0.001,58214,0.478,58214.02,0.006
BTCUSDT,1637366497304,951875506735,58204.62,0.572,58204.1,0.232,58203.45,0.001,58202.44,0.419,58200,0.047,58199.96,0.103,58197.95,0.008,58197.94,0.001,58197.85,0.175,58197.84,0.213,58197.83,0.2,58197.82,0.002,58197.81,0.235,58197.61,0.071,58197.25,0.041,58197.2,0.001,58196.47,0.267,58194.41,0.013,58194.36,0.452,58194.35,0.2,58204.63,0.373,58204.87,0.006,58204.88,0.001,58204.95,0.113,58206.8,0.146,58206.81,0.028,58206.86,0.68,58206.87,1.87,58209.56,0.004,58209.99,1.954,58210,5.574,58210.23,0.086,58210.24,0.001,58210.46,0.001,58210.92,0.01,58211,0.001,58211.28,0.001,58211.42,0.689,58211.99,1.443,58212,4.115
BTCUSDT,1637366497314,951875507054,58204.62,0.572,58204.1,0.232,58203.45,0.001,58202.44,0.419,58200,0.047,58199.96,0.103,58197.95,0.008,58197.94,0.001,58197.85,0.175,58197.84,0.213,58197.83,0.2,58197.81,0.235,58197.61,0.071,58197.25,0.041,58197.2,0.001,58196.48,0.06,58196.47,0.267,58194.41,0.013,58194.36,0.452,58194.35,0.2,58204.63,0.353,58204.87,0.006,58204.88,0.001,58204.95,0.113,58206.8,0.146,58206.81,0.028,58206.86,0.68,58206.87,1.87,58209.56,0.004,58209.99,1.954,58210,5.574,58210.24,0.001,58210.46,0.001,58210.92,0.01,58211,0.001,58211.28,0.001,58211.42,0.689,58211.99,1.443,58212,4.115,58212.2,0.01
BTCUSDT,1637366498394,951875547366,58209.99,0.012,58209.96,0.232,58206.87,0.5,58206.86,0.089,58206.79,0.002,58206.21,0.003,58205.41,0.004,58204.95,0.086,58204.94,0.484,58204.62,0.002,58203.45,0.001,58203.2,0.005,58203.18,0.045,58203.17,0.121,58201.19,0.171,58201.14,0.134,58201,0.164,58200.31,0.004,58200.3,0.028,58200.15,0.584,58210,0.612,58210.24,0.001,58210.46,0.001,58210.92,0.01,58211,0.001,58211.28,0.001,58211.93,0.013,58211.97,1.483,58212,4.115,58212.2,0.01,58212.6,0.001,58212.85,0.568,58213.44,0.002,58213.56,0.002,58213.64,0.001,58213.9,0.001,58214,0.478,58214.02,0.006,58214.2,0.001,58214.25,0.003
BTCUSDT,1637366498405,951875547673,58209.99,0.013,58209.96,0.232,58206.87,0.5,58206.86,0.089,58206.79,0.002,58206.21,0.003,58205.41,0.004,58204.95,0.086,58204.94,0.484,58204.62,0.002,58203.45,0.001,58203.2,0.005,58203.18,0.045,58203.17,0.121,58201.19,0.171,58201.14,0.134,58201,0.164,58200.31,0.004,58200.3,0.028,58200.15,0.584,58210,0.612,58210.24,0.001,58210.46,0.001,58210.92,0.01,58211,0.001,58211.28,0.001,58211.93,0.013,58211.97,1.483,58212,4.115,58212.2,0.01,58212.6,0.001,58212.85,0.568,58213.44,0.002,58213.56,0.002,58213.64,0.001,58213.9,0.001,58214,0.478,58214.02,0.006,58214.2,0.001,58214.25,0.003
BTCUSDT,1637366499491,951875581859,58206.86,0.003,58206.79,0.002,58204.62,0.002,58203.87,0.05,58203.86,0.5,58203.84,0.5,58203.83,0.004,58203.45,0.001,58201,0.164,58200,0.047,58198.52,0.2,58198.51,0.228,58198.5,0.146,58198.49,0.982,58197.95,0.008,58197.94,0.001,58197.25,0.041,58197.2,0.001,58196.76,0.172,58196.49,0.602,58206.87,0.147,58208.02,0.113,58208.19,0.135,58210,0.261,58210.09,0.115,58210.24,0.001,58210.46,0.001,58210.92,0.01,58210.95,0.646,58210.96,0.476,58211,0.001,58211.28,0.001,58211.68,0.013,58211.8,0.103,58211.83,0.103,58211.84,0.705,58211.85,2,58211.97,1.483,58212,4.115,58212.2,0.01
BTCUSDT,1637366499506,951875582325,58206.86,0.007,58206.79,0.002,58204.62,0.002,58203.87,0.29,58203.86,0.5,58203.84,0.5,58203.83,0.004,58203.45,0.001,58201,0.164,58200,0.047,58198.51,0.228,58198.5,0.346,58198.49,0.982,58197.95,0.008,58197.94,0.001,58197.25,0.041,58197.2,0.001,58196.76,0.172,58196.49,0.602,58196.22,0.319,58206.87,0.147,58207.01,0.078,58208.02,0.113,58208.19,0.135,58210,0.261,58210.24,0.001,58210.46,0.001,58210.85,0.013,58210.92,0.01,58210.94,0.547,58210.95,0.472,58210.96,0.476,58211,0.001,58211.28,0.001,58211.84,0.705,58211.85,2,58211.97,1.483,58212,4.115,58212.2,0.01,58212.6,0.001
BTCUSDT,1637366500564,951875625013,58186.62,0.4,58185.15,11.299,58185.14,0.071,58185.02,0.747,58185,0.062,58184.56,0.17,58184.06,0.052,58183.68,0.086,58183.63,0.086,58183.5,0.086,58182.94,0.086,58182.91,0.001,58182.88,0.002,58182.7,0.001,58182.51,0.005,58181.89,0.002,58181.88,0.005,58181.46,0.262,58181.45,0.2,58180.75,0.039,58199.15,0.036,58199.82,0.1,58200.98,0.103,58201.87,0.587,58207.52,1.143,58207.59,0.034,58207.79,0.527,58207.93,1.721,58207.94,0.113,58207.97,0.79,58208.12,0.3,58208.41,0.084,58208.52,2,58208.79,0.03,58208.8,0.4,58209.13,0.06,58209.3,0.208,58209.31,0.139,58210.58,0.172,58211.5,0.055
BTCUSDT,1637366500582,951875628010,58185.15,4.436,58185.02,0.747,58185,0.062,58184.56,0.17,58184.06,0.052,58183.68,0.086,58183.63,0.086,58183.5,0.086,58182.94,0.086,58182.91,0.001,58182.88,0.002,58182.7,0.001,58182.51,0.005,58181.89,0.002,58181.88,0.005,58181.46,0.262,58181.03,0.023,58180.68,0.303,58180.4,0.084,58180.24,0.327,58194.88,2,58196.74,0.032,58197.96,0.103,58198.85,0.392,58199.75,2,58201.72,0.089,58201.87,0.247,58202.1,0.7,58203.19,2,58205.06,0.912,58207.52,1.143,58207.59,0.034,58207.78,0.03,58207.79,0.322,58207.93,0.282,58207.94,0.168,58207.96,0.2,58207.97,1.196,58208.12,0.3,58208.41,0.084
BTCUSDT,1637366501696,951875749625,58205.44,0.185,58204.64,0.225,58203.17,0.004,58203,0.002,58198.22,0.002,58197.29,0.001,58197.17,0.001,58196.73,0.001,58194.3,0.001,58194.23,0.071,58194.17,0.041,58192.1,0.024,58191.41,1.717,58191.4,0.001,58188.6,0.041,58188.55,1,58188.5,0.001,58188.24,0.172,58187.67,0.005,58186.72,1.05,58205.45,0.958,58205.85,1.106,58205.86,0.255,58205.99,0.948,58206,3.767,58206.01,0.606,58206.02,3.93,58207.1,0.034,58207.44,3.475,58207.45,0.113,58207.49,0.2,58207.52,1.1,58207.55,0.071,58207.9,0.261,58208.11,0.919,58211.5,0.249,58211.51,2,58211.59,0.65,58211.98,0.032,58211.99,0.002
BTCUSDT,1637366501758,951875755075,58198.22,0.002,58197.29,0.001,58196.73,0.001,58194.23,0.071,58194.17,0.041,58191.47,0.041,58191.43,0.5,58191.41,1.717,58191.4,0.001,58188.5,0.001,58187.67,0.005,58187.59,1,58186.72,1.05,58186.07,0.172,58185.6,0.001,58185.29,0.086,58185.15,0.516,58184.79,0.005,58184.66,1,58184.49,0.06,58198.23,0.429,58200.19,0.113,58200.51,0.06,58201.33,0.5,58201.34,0.135,58203,0.086,58203.16,0.103,58203.18,0.007,58204.64,0.359,58205.43,0.06,58205.44,4.721,58205.83,2,58206,3.468,58206.02,3.47,58207.1,0.034,58207.44,3.475,58207.45,0.004,58207.49,0.2,58207.51,0.005,58207.52,1.1
BTCUSDT,1637366502785,951875819624,58187.79,0.3,58187.22,0.297,58185.06,0.003,58185.04,0.086,58184.78,0.319,58182.74,0.164,58181.02,0.115,58180.84,0.035,58180.77,0.041,58180.67,0.086,58180.6,0.052,58180.24,0.001,58180.17,0.206,58180.16,0.223,58180,0.097,58179.8,0.001,58179.7,0.446,58178.33,0.002,58177.33,0.327,58177.3,0.172,58187.81,0.007,58187.84,0.113,58189.25,0.051,58189.26,0.125,58189.83,1.517,58189.84,4.154,58190,0.044,58192.49,0.256,58192.59,0.004,58195.61,0.002,58195.62,1.068,58195.63,0.513,58195.68,2,58195.76,1.531,58195.78,3.556,58195.96,0.481,58195.97,1.375,58197.23,0.086,58197.24,0.003,58199.17,1.516
